% This file was created with Citavi 5.6.0.2

@book{Abrou.199697,
 author = {Abrou, Dieudonn{\'e}},
 year = {1996/""1997},
 title = {Archeologie de la haute val"-l{\'e}e de \linebreak Bangui-Kette, Sous-Pr{\'e}fecture de Mingala. (Unveröff. M{\'e}moire de Licence Universit{\'e} de Bangui)},
 address = {Bangui},
 institution = {Universit{\'e} de Bangui}
}


@article{Ackerman.1999,
 author = {Ackerman, Kyle J. and Killick, David and Herbert, Eugenia W. and {{Kriger}}, Colleen E.},
 year = {1999},
 title = {A Study of Iron Smelting at Lopanzo, Equateur Province, Za{\"i}re},
 pages = {1135--1143},
 volume = {26},
 issn = {0305-4403},
 journal = {Journal of Archaeological Science}
}


@article{Alt.1998,
 author = {Alt, Kurt and Riemensperger, B. and Vach, W. and Krekeler, G.},
 year = {1998},
 title = {Zahnwurzell{\"a}nge und Za"-hn"-hals"-dur"-ch"-mes"-ser als Indikatoren zur Ge"-schl"-echts"-be"-stim"-mung an menschlichen~Sch{\"a}deln},
 pages = {131--144},
 volume = {56},
 number = {1},
 journal = {Anthropologischer Anzeiger}
}


@incollection{Ambrose.1997,
 author = {Ambrose, Stanley H.},
 title = {The Ceramic Late St"-one Age},
 pages = {381--385},
 publisher = {{AltaMira Press}},
 editor = {Vogel, Joseph O.},
 booktitle = {Encyclopedia ""of Precolonial Africa. Archaeology, History, Languages, Culture, and Environments},
 year = {1997},
 address = {Walnut Cre"-ek and London and New Delhi}
}


@article{Apostolidou.2011,
 author = {Apostolidou, C. and Eleminiadis, I. and Koletsa, T. and Natsis, K. and Dalampiras, S. and Psaroulis, D. and Apostolidis, S. and Psifidis, A. and Tsikaras, P. and Njau, S. N.},
 year = {2011},
 title = {Application of the Maxillary Suture Obliteration Method for Estimating Age at Death in Greek Population},
 pages = {15--19},
 volume = {4},
 journal = {{Open Forensic Journal}}
}


@book{Ard.2014,
 author = {Ard, Vincent},
 year = {2014},
 title = {Produire et {\'e}changer au N{\'e}olithique. Traditions c{\'e}ramiques entre Loire et Gironde au IVe mill{\'e}naire},
 address = {Paris},
 number = {33},
 publisher = {{{\'E}d. du CTHS}},
 isbn = {978-2-7355-0815-0},
 series = {{Documents pr{\'e}historiques}}
}


@incollection{Arnold.2005,
 address = {Oxford},
 series = {{{BAR International Series}}},
 title = {Linking {{Society}} with the {{Compositional Analysis}} of {{Pottery}}: {{A Model}} from {{Comparative Ethnography}}},
 isbn = {1-84171-695-2},
 booktitle = {Pottery Manufacturing Processes: {{Actes}} Du {{XIV\`eme Congr\`es UISPP}}, {{Universit\'e}} de {{Li\`ege}}, {{Belgique}}, 2-8 Septembre 2001, {{Section}} 2: {{Archaeometry}}, Colloque = Symposium 2.1},
 publisher = {{Archaeopress}},
 author = {Arnold, Dean E.},
 editor = {Livingstone Smith, Alexandre and Bosquet, Dominique},
 year = {2005},
 pages = {15-21}
}


@article{Ashley.2010,
 author = {Ashley, Ceri Z.},
 year = {2010},
 title = {Towards a Socialised Ar"-chae"-ol"-o"-gy of Ceramics in Great Lakes Africa},
 pages = {135--163},
 volume = {27},
 number = {2},
 issn = {0263-0338},
 journal = {African Archaeological Review}
}


@book{Asombang.1988,
 author = {Asombang, Raymond Neba'ane},
 year = {1988},
 title = {Bamenda in Prehistory. The Ev"-i"-dence from Fiye Nkwi, Mbi Crater and Shum Laka Rockshelters. (Unveröff. Dissertation University of London)},
 address = {London}
}


@article{Asombang.1992,
 author = {Asombang, Raymond Neba'ane and {de Maret}, Pierre},
 year = {1992},
 title = {Re-In"-ves"-ti"-gating \linebreak Shum Laka},
 pages = {13--16},
 volume = {10/11},
 journal = {{Nsi}}
}


@book{AssokoNdong.20002001,
 author = {{Assoko Ndong}, Alain},
 year = {2000/2001},
 title = {Arch{\'e}ologie du peuplement holoc{\`e}ne de la reserve de faune de la Lop{\'e}, Gabon. (Unveröff. Dissertation Universit{\'e} Libre de Bruxelles)},
 address = {Br{\"u}ssel}
}


@article{AssokoNdong.2002,
 author = {{Assoko Ndong}, Alain},
 year = {2002},
 title = {Synthèse des données archéologiques récentes sur le peuplement à l'Holocène de la réserve de faune de la Lopé, Gabon},
 pages = {135--158},
 volume = {106},
 journal = {L'Anthro"-polo"-gie}
}


@book{Atangana.1988,
 author = {Atangana, Christine},
 year = {1988/1989},
 title = {Arch{\'e}ologie du Cameroun Meridional. Etude du site d'Okolo. (Unveröff. Dissertation \linebreak Universit{\'e} de Paris I, Sorbonne)},
 address = {Paris}
}


@article{Audouze.2002,
 author = {Audouze, Fran{\c{c}}oise},
 year = {2002},
 title = {Leroi-Gourhan, a Philosopher of Technique and Evolution},
 pages = {277--306},
 volume = {10},
 number = {4},
 journal = {Journal of Ar"-chae"-ol"-o"-gical~Research}
}


@incollection{Aumassip.1975,
 author = {Aumassip, Ginette},
 title = {La poterie de Batalimo},
 pages = {221--234},
 publisher = {Klincksieck},
 booktitle = {Recherches pr{\'e}historiques en R{\'e}publique Centrafricaine},
 editor = {{de {{Bayle}} des {{Hermens}}}, Roger},
 year = {1975},
 address = {Paris}
}

@book{Bahuchet.1992,
	address = {{Paris}},
	series = {Ethnosciences 8; Histoire d'une civilisation foresti{\`e}re 1},
	title = {Dans la for{\^e}t d'Afrique Centrale: Les Pygm{\'e}es Aka et Baka},
	isbn = {978-2-87723-025-4},
	shorttitle = {Histoire d'une civilisation foresti{\`e}re. T. 1},
	publisher = {{Peeters}},
	author = {Bahuchet, Serge},
	year = {1992},
	note = {OCLC: 258271927}
}

@book{Ballarini.2009,
 author = {Ballarini, Roberto},
 year = {2009},
 title = {The Perfect Form. On the Tr"-ack of African Tribal Currency},
 address = {Mailand},
 publisher = {Galleria Africa Curio},
 isbn = {978-88-904186-1-7}
}


@book{Barley.1994,
 author = {Barley, Nigel},
 year = {1994},
 title = {Smashing pots. Feats of clay from Africa},
 address = {London},
 publisher = {Published by the trustees of the British Museum by the British Museum Press},
 isbn = {0-7141-2513-X}
}


@article{BarYosef.2009,
 author = {Bar--Yosef, Ofer and {van Peer}, Philip},
 year = {2009},
 title = {The Cha{\^i}ne Op{\'e}ratoire Approach in Middle Paleolithic Archaeology},
 pages = {103--131},
 volume = {50},
 number = {1},
 journal = {Current Anthropology},
 doi = {\url{10.1086/592234}}
}


@book{Bequaert.1938,
 author = {Bequaert, M.},
 year = {1938},
 title = {Les fouilles de Jean Colette {\`a} Kalina},
 address = {Tervuren},
 series = {Annales du Mus{\'e}e du Congo Belge}
}

@article{Berg.2007,
  title = {Looking through Pots: {{Recent}} Advances in \linebreak Ceramics {{X}}-Radiography},
  author = {Berg, Ina},
  date = {2007},
  journaltitle = {Journal of Archaeological Sci"-ence},
  volume = {35},
  pages = {1177--1183},
  issn = {0305-4403},
  number = {5}
}


@incollection{Berg.2011,
 author = {Berg, Ina},
 title = {Exploring the Cha{\^i}ne Op{\'e}ratoire of Ce"-ram"-ics \linebreak through X-radiography},
 pages = {57--63},
 publisher = {Archaeopress},
 isbn = {978-1407307480},
 series = {\linebreak BAR International Series},
 number = {2193},
 editor = {Scarcella, Simona},
 booktitle = {Archaeological Ceramics: {{A}} Review of Current Research},
 year = {2011},
 address = {Oxford}
}


@incollection{Berg.2017,
 author = {Berg, Ina and Ambers, Janet},
 title = {X-Radiography of Archaeological Ceramics},
 pages = {544--564},
 isbn = {978-0-19-968153-2},
 editor = {Hunt, Alice M.},
 booktitle = {The Oxford Handbook of Archaeological Ceramic Analysis},
 year = {2017}
}


@article{Boshoff.2016,
 title = {Filling the Gaps on the Maps: Historical Distribution Patterns of Some Larger Mammals in Part of Southern {{Africa}}},
 volume = {71},
 issn = {0035-919X, 2154-0098},
 shorttitle = {Filling the Gaps on the Maps},
 doi = {10.1080/0035919X.2015.1084066},
 number = {1},
 journal = {Transactions of the Royal Society of South Africa},
 author = {Boshoff, Andr\'e and Landman, Marietjie and Kerley, Graham},
 year = {2016},
 pages = {23-87}
}


@article{Bostoen.2015,
 author = {Bostoen, Koen and Clist, Bernard and Doumenge, Charles and Grollemund, Rebecca and Hombert, Jean-Marie and Muluwa, Joseph Koni and Maley, Jean},
 year = {2015},
 title = {Middle to Late Holocene Paleoclimatic Change and the Early Bantu Expansion in the Rain Forests of Western Central Africa},
 pages = {354--384},
 volume = {56},
 number = {3},
 journal = {Current Anthropology},
 doi = {\url{10.1086/681436}}
}


@article{Bower.1986,
 title = {A Survey of Surveys: {{Aspects}} of Surface Archaeology in Sub-{{Saharan Afican}}},
 volume = {4},
 issn = {0263-0338},
 journal = {African Archaeological Review},
 author = {Bower, John},
 year = {1986},
 pages = {21-40}
}


@incollection{Boyd.2007,
 author = {Boyd, Raymond},
 title = {The Ubangian Languages},
 pages = {105--111},
 publisher = {Mercatorfonds},
 isbn = {978-90-6153-740-3},
 editor = {Grootaers, Jan-Lodewijk and Boyd, Raymond},
 booktitle = {{Ubangi}},
 year = {2007},
 address = {Br{\"u}ssel}
}


@article{Brandt.2016,
 title = {Deforestation and Timber Production in {{Congo}} after Implementation of Sustainable Forest Management Policy},
 volume = {52},
 issn = {02648377},
 doi = {10.1016/j.landusepol.2015.11.028},
 journal = {Land Use Policy},
 author = {Brandt, Jodi S. and Nolte, Christoph and Agrawal, Arun},
 year = {2016},
 pages = {15-22}
}


@article{Bremond.2017,
 title = {Past Tree Cover of the {{Congo Basin}} Recovered by Phytoliths and d 13 {{C}} along Soil Profiles},
 volume = {434},
 issn = {1040-6182},
 doi = {\\url\{10.1016/j.quaint.2015.11.150\}},
 journal = {Quaternary International},
 author = {Bremond, L. and Bodin, S. C. and Bentaleb, I. and Favier, C. and Canal, S.},
 year = {2017},
 pages = {91-101}
}


@article{Brncic.2007,
 author = {Brncic, Terry M. and Willis, Katherine J. and Harris, David J. and Washington, Richard},
 year = {2007},
 title = {Culture or climate? The relative influences of \linebreak past processes on the composition of the lowland Congo rainforest},
 pages = {229--242},
 volume = {362},
 journal = {Philosophical Transactions of the Royal Society B}
}


@article{Brncic.2009,
 author = {Brncic, Terry M. and Willis, Katherine J. and Harris, David J. and Telfer, Matt W. and Bailey, Richard M.},
 year = {2009},
 title = {Fire and climate change impacts on lowland forest composition in northern Congo during the last 2580 years from palaeoecological analyses of a seasonally flooded swamp},
 pages = {79--89},
 volume = { 19},
 number = {1},
 journal = {{The Holocene}}
}


@book{Brothwell.1981,
 author = {Brothwell, Don R.},
 year = {1981},
 title = {Digging up bones. The excavation, treatment and study of human skeletal remains},
 url = {\url{http://swb2.bsz-bw.de/DB=2.312/PPN?PPN=027859851}},
 address = {London},
 edition = {3},
 publisher = {{British Museum (Natural History) [u.~a.]}},
 isbn = {0-19-858504-7}
}


@article{Buntgen.2016,
 author = {B{\"u}ntgen, Ulf and Myglan, Vladimir S. and Ljungqvist, Fredrik Charpentier and McCormick, Michael and {Di Cosmo}, Nicola and Sigl, Michael and Jungclaus, Johann and Wagner, Sebastian and Krusic, Paul J. and Esper, Jan and Kaplan, Jed O. and de Vaan, Michiel A. C. and Luterbacher, J{\"u}rg and Wacker, Lukas and Tegel, Willy and Kirdyanov, Alexander V.},
 year = {2016},
 title = {Cooling and societal cha"-nge during the Late Antique Little Ice Age from 536 to around 660 AD},
 pages = {231--236},
 volume = {9},
 number = {3},
 issn = {1752-0894},
 journal = {{Nature Geoscience}},
 doi = {\url{10.1038/ngeo2652}}
}


@article{Cahen.1976,
 author = {Cahen, Daniel},
 year = {1976},
 title = {Nouvelles fouilles à la point de la Gombe (ex-point de Kalina), Kinshasa, Za{\"i}re},
 pages = {573--602},
 volume = {80},
 journal = {{L'Anthropologie}}
}


@incollection{Cahen.1981,
 author = {Cahen, Daniel},
 title = {Contribution {\`a} la chronologie de 1'{\^a}ge du fer dans la r{\'e}gion de Kinshasa (Za{\"i}re)},
 pages = {127--137},
 publisher = {{{\'E}d. A.D.P.F}},
 isbn = {978-2865380220},
 series = {Recherche sur les grandes civilisations Synth{\`e}se},
 number = {6},
 editor = {Roubet, Colette and Senghor, L{\'e}opold S{\'e}dar},
 booktitle = {{Pr{\'e}histoire africaine}},
 year = {1981},
 address = {Paris}
}


@article{Celis.1987,
 author = {Celis, Georges},
 year = {1987},
 title = {Fondeurs et forgerons Ekonda (Equateur, Za{\"i}re)},
 pages = {109--134},
 volume = {82},
 journal = {{Anthropos}}
}


@book{Celis.1991,
 author = {Celis, Georges},
 year = {1991},
 title = {Eisenh{\"u}tten in Afrika -- Les fonderies africaines du fer. Beschreibung eines traditionellen Handwerks -- Un grand m{\'e}tier disparu},
 address = {Frankfurt am Main},
 number = {7},
 publisher = {{Museum f{\"u}r V{\"o}lkerkunde}},
 isbn = {3-88270-381-4},
 series = {Samm\-lung / St{\"a}dtisches Museum f{\"u}r V{\"o}lkerkunde, Frankfurt, Main}
}


@incollection{Chazan.2003,
 author = {Chazan, Michael},
 title = {Generating the Middle to Upper Palaeolithic transition. A cha{\^i}ne op{\'e}ratoire approach},
 pages = {49--53},
 publisher = {{Oxbow Books}},
 isbn = {1842170821},
 editor = {Goring-Morris, A. Nigel and Belfer-Cohen, Anna},
 booktitle = {{More than meets the eye}},
 year = {2003},
 address = {Oxford}
}


@book{Childe.1936,
	author = {Childe, Vere Gordon},
	year = {1936},
	title = {{Man makes himself}},
	address = {London},
	publisher = {Watts}
}


@book{Claes.1985,
 author = {Claes, Philippe},
 year = {1985},
 title = {Contribution {\`a} l'{\'e}tude de c{\'e}ramiques anciennes des environs de Yaound{\'e}. (Unveröff. M{\'e}moire de licenci{\'e} Universit{\'e} Libre de Bruxelles)},
 address = {Br{\"u}ssel},
 publisher = {{Universite Libre de Bruxelles}}
}


@book{Clark.1968,
 author = {Clarke, David L.},
 year = {1968},
 title = {Analytical Archaeology},
 address = {London},
 publisher = {{Methuen {\&} Co}}
}


@book{Clark.1968b,
 author = {Clark, J. Desmond},
 year = {1968},
 title = {Further Paleo-Anthropological Studies in Northern Lunda},
 address = {Lissabon},
 volume = {78},
 publisher = {{Museu do Dundo}},
 series = {Publica{\c{c}}{\~o}es culturais da Companhia de Diamantes de Angola}
}


@book{Claen.2011,
author = {Cla{\ss}en, Erich},
year = {2011},
title = {Siedlungen der Bandkeramik bei K{\"o}nigs"-hoven},
address = {Darmstadt},
volume = {64},
publisher = {Zabern},
isbn = {978-3-8053-4349-7},
series = {{Rheinische Ausgrabungen}}
}


@book{Clist.1982,
 author = {Clist, Bernard},
 year = {1982},
 title = {Etude arch{\'e}ologique de mat{\'e}riel de la mission Maurits Bequart de 1950--1952 au~Bas-Za{\"i}re. (Unveröff. M{\'e}moire de licenci{\'e} Universit{\'e} Libre de Bruxelles)},
 address = {Br{\"u}ssel}
}


@article{Clist.1986,
 author = {Clist, Bernard},
 year = {1986},
 title = {Le N{\'e}olitique en afrique centrale. {\'E}tat de la question et perspective d'avenier},
 pages = {217--232},
 volume = {90},
 number = {2},
 journal = {{L'An"-thro"-po"-lo"-gie}}
}


@article{Clist.1988,
 author = {Clist, Bernard},
 year = {1988},
 title = {Un novel ensemble n{\'e}olithique en Afrique Centrale. Le groupe d'Okala au Gabon},
 pages = {43--51},
 volume = {3},
 journal = {{Nsi}}
}


@incollection{Clist.1990,
 author = {Clist, Bernard},
 title = {Des derniers chasseurs aus premiers m{\'e}tal"-lur"-gistes. S{\'e}dantarisation et d{\'e}bute de la m{\'e}tallurgie du fer (Cameroun, Gabon, Guin{\'e}e {\'e}quatoriale)},
 pages = {458--478},
 publisher = {ORSTOM},
 series = {Collection Didactiques},
 editor = {Lanfranchi, Raymond and Schw"-ar"-tz, Dominique},
 booktitle = {Paysages quaternaires de l'Afrique Centrale Atlantique},
 year = {1990},
 address = {Paris}
}


@book{Clist.1995,
	address = {{Libreville and \linebreak Saint-Maur}},
	title = {Gabon: 100 000 Ans d'histoire},
	isbn = {2-907888-43-9},
	publisher = {Centre culturel fran{\c c}ais \linebreak Saint Exup{\'e}ry and S{\'e}pia},
	author = {Clist, Bernard},
	year = {1995},
}


@article{Clist.1997,
 author = {Clist, Bernard},
 year = {1997},
 title = {Le site d'Okala, Province de l'Estuaire, Gabon et son importance pour la compr{\'e}hension de la s{\'e}dentarisation en Afrique Centrale},
 pages = {151--156},
 volume = {325},
 number = {IIa},
 journal = {Comptes-rendus de l'Acad{\'e}mie des Sciences de Paris}
}


@book{Clist.20042005,
 author = {Clist, Bernard},
 year = {2004/2005},
 title = {Des premi{\`e}rs villages aux pre"-miers Euro"-p{\'e}ens autour de l'Estuaire du Gabon. Quatre mill{\'e}naires d'inter"-actions entre l'homme et son milieu. (Unveröff. Dissertation Universit{\'e} Libre de Bruxelles)},
 address = {Br{\"u}ssel}
}


@incollection{Clist.2006b,
 author = {Clist, Bernard},
 title = {Mais o{\`u} se sont taill{\'e}es nos pierres en Afrique Central entre 7.000 et 2.000 bp?},
 pages = {291--302},
 publisher = {Francke},
 isbn = {3-7720-8187-8},
 editor = {Wotzka, Hans-Peter},
 booktitle = {Grundlegungen. Beiträge zur europäischen und afrikanischen Archäologie für Manfred K.~H. Eggert},
 year = {2006},
 address = {T{\"u}bingen}
}


@article{Clist.2012a,
	title = {Pour une arch{\'e}ologie du royaume Kongo: la tradition de Mbafu},
	volume = {47},
	issn = {0067-270X, 1945-5534},
	number = {2},
	journal = {Azania: Archaeological Research in Africa},
	doi = {10.1080/0067270X.2012.682755},
	author = {Clist, Bernard},
	year = {2012},
	pages = {175-209}
}


@book{Clist.2018,
 address = {Oxford},
 title = {Une arch\'eologie des provinces septentrionales du royaume {{Kongo}}},
 isbn = {978-1-78491-973-3},
 publisher = {{Archaeopress}},
 author = {Clist, Bernard and {de Maret}, Pierre and Bostoen, Koen},
 year = {2018}
}


@incollection{Clist.2018a,
	address = {{Oxford}},
	title = {Dates radiocarbones et leurs contextes},
	isbn = {978-1-78491-973-3},
	booktitle = {Une arch{\'e}ologie des provinces septentrionales du royaume {{Kongo}}},
	publisher = {{Archaeopress}},
	author = {Clist, Bernard},
	editor = {\linebreak Clist, Bernard and {de Maret}, Pierre and Bostoen, Koen},
	year = {2018},
	pages = {231-241}
}


@incollection{Clist.2018b,
 address = {Oxford},
 title = {L'histoire du royaume {{Kongo}} revisit\'ee par l'arch\'eologie},
 isbn = {978-1-78491-973-3},
 booktitle = {Une arch\'eologie des provinces septentrionales du royaume {{Kongo}}},
 publisher = {{Archaeopress}},
 author = {Clist, Bernard and {de Maret}, Pierre and Bostoen, Koen},
 editor = {Clist, Bernard and {de Maret}, Pierre and Bostoen, Koen},
 year = {2018},
 pages = {443-453}
}


@incollection{Clist.2018c,
	address = {{Oxford}},
	title = {S{\'e}quence chrono-culturelle de la poterie kongo (13e-19e si{\`e}cles)},
	isbn = {978-1-78491-973-3},
	booktitle = {Une arch{\'e}ologie des provinces septentrionales du royaume Kongo},
	publisher = {{Archaeopress}},
	author = {Clist, Bernard and Nikis, Nicolas and {de Maret}, Pierre},
	editor = {Clist, Bernard and {de Maret}, Pierre and Bostoen, Koen},
	year = {2018},
	pages = {243-279}
}


@incollection{Clist.2018d,
	address = {{Oxford}},
	title = {Fouilles et prospections {\`a} l'ouest de l'Inkisi, r{\'e}gion de Ngongo Mbata},
	isbn = {978-1-78491-973-3},
	booktitle = {Une arch{\'e}ologie des provinces septentrionales du royaume Kongo},
	publisher = {{Archaeopress}},
	author = {Clist, Bernard and Cranshof, Els and Kaumba, Mandela and Matonda, Igor and {{Nkanza}} Lutayi, Alphonse},
	editor = {Clist, Bernard and {de Maret}, Pierre and Bostoen, Koen},
	year = {2018},
	pages = {71-131}
}


@article{Clist.2019a,
 title = {Kitala {{Ware}}: {{A New Early Iron Age Pottery Group}} from the {{Lower Congo Region}} in {{Central Africa}}},
 shorttitle = {Kitala {{Ware}}},
 author = {Clist, Bernard and Kaumba, Mandela and Matonda, Igor and Bostoen, Koen},
 year = {2019},
 issn = {0263-0338, 1572-9842},
 doi = {10.1007/s10437-019-09356-8},
 journal = {African Archaeological Review}
}


@book{Coart.1907,
 author = {Anonymus},
 year = {1907},
 title = {[Coart, E. \& A. de Haulleville] Notes analytiques sur les collections ethnographiques du Mus{\'e}e du Congo. Les industries indig{\`e}nes. La ceramique},
 address = {Br{\"u}ssel},
 number = {3},
 series = {Annales du Mus{\'e}e du Congo},
 institution = {{Mus{\'e}e du Congo}}
}


@article{Cocheteux.18891890,
 author = {Cocheteux, A.},
 year = {1889/1890},
 title = {Contribution {\`a}~l'etude de l'anthro"-pologie au Congo},
 pages = {75},
 volume = {7},
 journal = {Bulletin de la Soci{\'e}t{\'e} d'An"-th"-ro"-po"-lo"-gie de Bruxelles}
}


@book{Coetzee.1967,
 author = {Coetzee, J. A.},
 year = {1967},
 title = {Pollen analytical studies in East Africa},
 address = {Kapstadt},
 number = {2},
 publisher = {Balkema},
 series = {Palaeoecology of Africa and of the Surrounding Islands and Antarctica}
}


@article{Colette.1933,
 author = {Colette, J.},
 year = {1933},
 title = {Comparaison entre les faci{\`e}s u{\'e}lien et l{\'e}opoldien du N{\'e}olithique congolais},
 pages = {95--97},
 volume = {10},
 journal = {Bulletin du Cercle Zoologique Congolais}
}


@article{Colette.1935,
 author = {Colette, J.},
 year = {1935},
 title = {Note sur la pr{\'e}sence de fragments de nids fossiles d'insect dans le Pl{\'e}istoc{\`e}ne sup"-{\'e}r"-ieur du Stanley Pool},
 pages = {309--333},
 volume = {45},
 journal = {Bulletin de la Soci{\'e}te Belge de G{\'e}ologie, de Pal{\'e}ontologie et d'Hydrologie}
}


@incollection{Constantin.2010,
 author = {Constantin, Claude and Ilett, Michael and Burnez-Lanotte, Laurence},
 title = {\linebreak La Hoguette, Limburg and the Meso"-li"-thic. Some questions},
 pages = {41--48},
 publisher = {{Leiden University Press}},
 isbn = {978-90-8728-086-4},
 series = {Archaeological Studies Leiden University},
 editor = {Vanmontfort, B. and {Louwe Kooijmans}, Leendert and Amkreutz, Luc and Verhart, Leo},
 booktitle = {Pots, farmers and foragers},
 year = {2010},
 address = {Leiden}
}


@incollection{Cornelissen.1996,
 author = {Cornelissen, Els},
 title = {Shum Laka (Cameroon). Late Pleistocene and early Holocene deposits},
 pages = {257--263},
 publisher = {{Univ. of Zimbabwe Publ.}},
 editor = {Pwiti, Gilbert and Soper, Robert},
 booktitle = {Aspects of African Archaeology. Papers from the 10th Congress of the PanAfrican Association for Prehistory and Related Studies},
 year = {1996},
 address = {Harare}
}


@article{Cornelissen.2003,
 author = {Cornelissen, Els},
 year = {2003},
 title = {On Microlithic Quartz Industries at the End of the Pleistocene in Central Africa. The Evidence from \linebreak Shum Laka (NW Cameroon)},
 pages = {1--24},
 volume = {20},
 number = {1},
 issn = {0263-0338},
 journal = {African Archaeological Review}
}


@article{Cornelissen.2013,
 author = {Cornelissen, Els and {Ebosso Lihunzu}, Octave and {Mambu Nsangathi}, Cl{\'e}ment},
 year = {2013},
 title = {Prospections sur la Lindi (Province Orientale, R{\'e}publique d{\'e}mocratique du~Congo)},
 pages = {74--82},
 volume = {79},
 journal = {{Nyame \linebreak Akuma}}
}


@article{Cornet.1896,
	title = {L'{\^a}ge de La Pierre Dans Le {{Congo}} Occidental},
	volume = {15},
	journal = {Bulletin de la Soci{\'e}t{\'e} d'Anthropologie de Bruxelles},
	author = {Cornet, J.},
	year = {1896},
	pages = {196-203}
}


@incollection{Cranshof.2018,
	address = {{Cambridge}},
	title = {Ceramics Decorated with Woven Motifs: An Archaeological Kongo \linebreak Kingdom Identifier?},
	isbn = {978-1-108-47418-4},
	lccn = {DT654 .K67 2018},
	booktitle = {The {{Kongo Kingdom}}: The Origins, Dynamics and Cosmopolitan Culture of an {{African}} Polity},
	publisher = {{Cambridge University Press}},
	author = {Cranshof, Els and Nikis, Nicolas and {de Maret}, Pierre},
	editor = {Bostoen, Koen A. G. and Brinkman, Inge},
	year = {2018},
	pages = {165-196}
}


@book{Cremer.2004,
 author = {Cremer, Wolfgang},
 year = {2004},
 title = {Pfeifen, Hanf und Tabak in Sch"-warz"-afrika. Eine historische Darstellung},
 price = {EUR 29.80},
 address = {Idstein},
 publisher = {Baum-Publ},
 isbn = {3-930596-06-7}
}


@article{Cresswell.1983,
 author = {Cresswell, Robert},
 year = {1983},
 title = {Transfers de techniques et cha{\^i}nes op{\'e}ratoires},
 pages = {143--163},
 volume = {2},
 journal = {{Techniques et Culture}}
}


@article{Cresswell.1990,
 author = {Cresswell, Robert},
 year = {1990},
 title = {\enquote{New technology} revisited},
 pages = {39--54},
 volume = {9},
 journal = {{Archaeological Review from~Cambridge}}
}


@article{Cresswell.1993,
 author = {Cresswell, Robert},
 year = {1993},
 title = {Tendance et fait, logique et histoire},
 pages = {37--59},
 volume = {21},
 journal = {{ Techniques et Culture}}
}


@article{DAndrea.2006,
 title = {Oil Palm and Prehistoric Subsistence in Tropical {{West Africa}}},
 volume = {4},
 number = {2},
 journal = {Journal of African Archaeology},
 author = {D'Andrea, A. Catherine and Logan, Amanda L. and Watson, Derek J.},
 year = {2006},
 pages = {195-222}
}


@article{Daly.1991,
 author = {Daly, M. C. and Lawrence, S. R. and Kimun'a, D. and Binga, M.},
 year = {1991},
 title = {Late Palaeozoic deformation in central Africa. A result of distant collision?},
 pages = {605--607},
 volume = {350},
 journal = {{Nature}}
}


@article{Daly.1992,
 author = {Daly, M. C. and Lawrence, S. R. and Diemu-Tshiband, K. and Matouana, B.},
 year = {1992},
 title = {Tectonic evolution of the Cuvette Central, Za{\"i}re},
 pages = {539--546},
 volume = {149},
 journal = {{Journal of the Geological Society, London}}
}


@article{David.1977,
 author = {David, Nicholas and Vidal, Pierre},
 year = {1977},
 title = {The Nana-Mod{\'e} Village Site \linebreak (Sous-Pr{\'e}fecture de Bouar, Central African Republic) and the Prehistory of the Uban"-gi"-an-Speaking Peoples},
 pages = {17--56},
 volume = {7},
 journal = {{West African Journals of~Archaeology}}
}


@incollection{David.1982,
 author = {David, Nicholas},
 title = {Prehistory and Historical Linguistic Reconstruction of African History},
 pages = {78--95},
 publisher = {{University of California Press}},
 isbn = {0-520-04593-9},
 editor = {Ehret, Christopher and Posnansky, Merrick},
 booktitle = {The Ar"-chae"-o"-log"-ical and Linguistic Reconstruction of African History},
 year = {1982},
 address = {Berkeley and Los Angeles and London}
}


@article{David.1987,
 author = {David, Nicholas and Sterner, Judy},
 year = {1987},
 title = {The Mandara Archaeological Project 1984--87},
 pages = {2--8},
 volume = {29},
 journal = {{Nyame Akuma}}
}


@article{David.1988,
 author = {David, Nicholas and Sterner, Judy and Gavua, Kodzo},
 year = {1988},
 title = {Why Pots are Decorated},
 pages = {365--389},
 volume = {29},
 number = {3},
 journal = {{Current Anthropology}}
}


@article{David.1989,
 author = {David, Nicholas and Heimann, Robert and Killick, David and Wayman, Michael},
 year = {1989},
 title = {Between Bloomery and Blast Furnace. Mafa Iron-Smelting Technology in North Cameroon},
 pages = {183--208},
 volume = {7},
 issn = {0263-0338},
 journal = {{African Archaeological Review}}
}


@article{David.1992,
 author = {David, Nicholas},
 year = {1992},
 title = {Tazunu. Megalithic Monuments of Central~Africa},
 pages = {43--77},
 volume = {17},
 issn = {0067-270X},
 journal = {Azania. Archaeological Research in Africa}
}


@incollection{David.1995,
 author = {David, Nicholas},
 title = {Mortuary Practices, Ideology and Society in the Central Mandara Highlands, North Cameroon},
 pages = {75--101},
 publisher = {{Editions de l'ORSTOM}},
 editor = {Baroin, Cathrine and Barreteau, Daniel and von~Graffenried, Charlotte},
 booktitle = {Mort et rites fun{\'e}raires dans le bassin du lac Tchad. Colloques et s{\'e}minaires},
 year = {1995}
}


@article{David.2001,
 author = {David, Nicholas},
 year = {2001},
 title = {Lost in the third hermeneutic? Theory and methodology, objects and representations in the ethnoarchaeology of african metallurgy},
 pages = {49--72},
 volume = {14},
 journal = {{Meditarch}}
}


@article{Davies.1976,
 author = {Davies, Oliver},
 year = {1976},
 title = {The 'Sangoan' Industries},
 pages = {885--911},
 volume = {22},
 number = {3},
 journal = {{Annals of the Natal Museum}}
}


@article{Dawson.1988,
 author = {Dawson, A. G. and Long, D. and Smith, D. E.},
 year = {1988},
 title = {The Storegga Slides. Evidence from Eastern Scotland for a Possible Tsunami},
 pages = {271--276},
 volume = {82},
 journal = {{Marine Geology}}
}


@article{Dawson.1990,
 author = {Dawson, A. G. and Smith, D. E. and Long, D.},
 year = {1990},
 title = {Evidence for a Tsunami from a Mesolithic Site in Inverness, Scotland},
 volume = {17},
 number = {509-512},
 issn = {0305-4403},
 journal = {Journal of Archaeological Science}
}


@book{Dean.1998,
 year = {1998},
 title = {Archaeology underwater. The NAS guide to principles and practice},
 address = {London},
 edition = {Repr},
 publisher = {{Nautical Archaeology Society}},
 isbn = {1-873132-25-5},
 editor = {Dean, Martin and Ferrari, Ben}
}


@article{Dearing.2006,
 author = {Dearing, J. A. and Battarbee, R. W. and Dikau, R. and Larocque, I. and Oldfield, F.},
 year = {2006},
 title = {Human--environment interactions. Learning from the past},
 pages = {1--16},
 volume = {6},
 number = {1-2},
 issn = {1436-3798},
 journal = {{Regional Environmental Change}},
 doi = {\url{10.1007/s10113-005-0011-8}}
}


@article{Dearing.2008,
 author = {Dearing, J. A.},
 year = {2008},
 title = {Landscape change and resilience theory. A palaeoenvironmental assessment from Yunnan, SW China},
 pages = {117--127},
 volume = {18},
 number = {1},
 journal = {{The Holocene}},
 doi = {\url{10.1177/0959683607085601}}
}


@book{deBayledesHermens.1975,
 author = {{de Bayle des Hermens}, Roger},
 year = {1975},
 title = {Recherches pr{\'e}historiques en R{\'e}publique Centrafricaine},
 address = {Paris},
 publisher = {Klincksieck}
}


@incollection{DeLaFuente.2011,
 author = {{De La Fuente}, Guillermo A.},
 title = {Chaine Operatoire, Technical {{Gestures}} and Pottery Production at Sou"-th"-ern Andes during the Late Period (c. AD 900 -- AD 1450)~(Catamarca, Northwestern Argentina, Argentina)},
 pages = {89--102},
 publisher = {Archaeopress},
 isbn = {978-1407307480},
 series = {BAR International Series},
 number = {2193},
 editor = {Scarcella, Simona},
 booktitle = {Archaeological Ceramics: {{A}} Review of Current Research},
 year = {2011},
 address = {Oxford}
}


@book{deMaret.1972,
 author = {{de Maret}, Pierre},
 year = {1972},
 title = {Etude d'une collection de c{\'e}ramiques protohistoire du Bas-Za{\"i}re (M{\'e}moire de Licence Universit{\'e} Libre de Bruxelles)},
 address = {Br{\"u}ssel},
 institution = {{Universit{\'e} Libre de Bruxelles}}
}


@article{deMaret.1977,
	title = {Sanga: {{New Excavations}}, {{More Data}}, and {{Some Related Problems}}},
	volume = {18},
	number = {3},
	journal = {Journal of African History},
	author = {{de Maret}, Pierre},
	year = {1977},
	pages = {321-337}
}


@article{Maret.1980,
author = {{de Maret}, Pierre},
year = {1980},
title = {Preliminary Report on 1980 Fieldwork in the \linebreak Grassfields and Yaound{\'e}, Cameroon},
pages = {10--12},
volume = {17},
journal = {{Nyame Akuma}}
}


@article{Maret.1982,
author = {{de Maret}, Pierre},
year = {1982},
title = {Belgian Archaeological Project in Cameroon \linebreak (July--August 1981 fieldwork)},
pages = {11--12},
volume = {20},
journal = {{Nyame Akuma}}
}


@incollection{deMaret.1982b,
 author = {{de Maret}, Pierre},
 title = {The \enquote{Neolithic} Problem in the West and \linebreak South},
 pages = {59--65},
 publisher = {Akademische Druck- u. Verlagsanstalt},
 isbn = {3-201-01184-3},
 editor = {{Van Noten}, Francis L.},
 booktitle = {The Archaeology of Central Africa},
 year = {1982},
 address = {Graz}
}


@incollection{deMaret.1982c,
 author = {{de Maret}, Pierre},
 title = {The Iron Age in the West and South},
 pages = {77--96},
 publisher = {Akademische Druck- u. Verlagsanstalt},
 isbn = {3-201-01184-3},
 editor = {{Van Noten}, Francis L.},
 booktitle = {The Archaeology of Central Africa},
 year = {1982},
 address = {Graz}
}


@book{deMaret.1985,
 author = {{de Maret}, Pierre},
 year = {1985},
 title = {Fouilles archeologiques dans la vall{\'e}e du Haut-Lualaba, Za{\"i}re II. Sanga et Katongo, 1974},
 address = {Tervuren}
}


@article{deMaret.1985b,
 author = {{de Maret}, Pierre},
 year = {1985},
 title = {Recent Archaeological Research and Dates from Central Africa},
 pages = {129--148},
 volume = {26},
 number = {2/3},
 journal = {{Journal of African History}}
}


@article{deMaret.1986,
 author = {{de Maret}, Pierre},
 year = {1986},
 title = {The Ngovo Group. An industry with polished stone tools and pottery in Lower Za{\"i}re},
 pages = {103--133},
 volume = {4},
 issn = {0263-0338},
 journal = {{African Archaeological Review}}
}


@incollection{Maret.1990,
author = {{de Maret}, Pierre},
title = {Le \enquote{N{\'e}olithique} et l'{\^a}ge du fer ancien dans le Sud-Quest de l'Afrique Central},
pages = {447--457},
publisher = {ORSTOM},
series = {Collection Didactiques},
editor = {Lanfranchi, Raymond and Schwartz, Dominique},
booktitle = {Paysages quaternaires de l'Afrique Centrale Atlantique},
year = {1990},
address = {Paris}
}


@article{Maret.19941995,
	author = {{de Maret}, Pierre},
	year = {1994/1995},
	title = {Pits, Pots and the Far-West Streams},
	pages = {318--323},
	volume = {29/30},
	issn = {0067-270X},
	journal = {{Azania}}
}


@article{deMaret.1995,
 author = {{de Maret}, Pierre},
 year = {1995},
 title = {Continuing Research at Shum Laka rock shelter, Cameroon (1993-1994 field season)},
 pages = {2--3},
 volume = {43},
 journal = {{Nyame Akuma}}
}


@incollection{Maret.1996,
author = {{de Maret}, Pierre},
title = {Shum Laka (Cameroon). Human burials and general perspectives},
pages = {275--279},
publisher = {{Univ. of Zimbabwe Publ.}},
editor = {Pwiti, Gilbert and Soper, Robert},
booktitle = {Aspects of African Archaeology. Papers from the 10th Congress of the PanAfrican Association for Prehistory and Related Studies},
year = {1996},
address = {Harare}
}


@incollection{Maret.2005,
author = {{de Maret}, Pierre},
title = {From Pottery Groups to Ethnic Groups in Central Africa},
pages = {420--440},
publisher = {{Blackwell Pub.}},
isbn = {1-4051-0155-5},
series = {Blackwell Studies in Global Archaeology},
editor = {Stahl, Ann Brower},
booktitle = {{African archaeology}},
year = {2005},
address = {Malden}
}


@incollection{deMaret.2013,
 author = {{de Maret}, Pierre},
 title = {Archaeologies of the Bantu Expansion},
 pages = {627--643},
 publisher = {{Oxford University Press}},
 isbn = {978-0-19-956988-5},
 series = {Oxford Handbooks in Archaeology},
 editor = {Mitchell, Peter and Lane, Paul and Lane, Paul J.},
 booktitle = {The Oxford Handbook of African Archaeology},
 year = {2013},
 address = {Oxford}
}


@incollection{deMaret.2013b,
 author = {{de Maret}, Pierre},
 title = {Recent Farming Communities and States in the Congo Basin and its Environs},
 pages = {875--886},
 publisher = {{Oxford University Press}},
 isbn = {978-0-19-956988-5},
 series = {Oxford Handbooks in Archaeology},
 editor = {Mitchell, Peter and Lane, Paul and Lane, Paul J.},
 booktitle = {The Oxford Handbook of African Archaeology},
 year = {2013},
 address = {Oxford}
}


@article{deMaret.2016,
	title = {Tea {{Party Toys}}? {{Classical Kisalian Grave Goods}} from the {{Upemba}} ({{D}}.{{R}}. {{Congo}})},
	volume = {14},
	doi = {\\url\{10.3213/2191-5784-10279\}},
	number = {1},
	journal = {Journal of African Archaeology},
	author = {{de Maret}, Pierre},
	year = {2016},
	keywords = {Eisenzeit,Kongo/Kinshasa,Upemba-Region},
	pages = {19-32}
}

@incollection{deMaret.2018b,
	address = {{Oxford}},
	title = {Histoire Des Recherches Arch{\'e}ologiques},
	isbn = {978-1-78491-973-3},
	booktitle = {Une arch{\'e}ologie des provinces septentrionales du royaume {{Kongo}}},
	publisher = {{Archaeopress}},
	author = {{de Maret}, Pierre and Clist, Bernard},
	editor = {Clist, Bernard and {de Maret}, Pierre and Bostoen, Koen},
	year = {2018},
	pages = {9-12}
}

@incollection{deMaret.1999,
author = {{de Maret}, Pierre and Stainier, Patrick},
title = {Excavations in the upper levels at Gombe and the early ceramic industries in the Kinshasa area (Za{\"i}re)},
pages = {477--486},
publisher = {Landesamt f{\"u}r Denkmalpflege Hessen},
isbn = {9783898224086},
series = {Materialien zur Vor- und Fr{\"u}hgeschichte von Hessen},
number = {8},
editor = {Smolla, G{\"u}nter and Herrmann, F. R. and Schmidt, I. and Verse, F.},
booktitle = {{Festschrift f{\"u}r G{\"u}nter Smolla}},
year = {1999},
address = {Wiesbaden}
}


@incollection{deMaret.1999a,
	title = {The Power of Symbols and the Symbols of Power through Time: {{Probing}} the {{Luba}} Past},
	author = {{de Maret}, Pierre},
	year = {1999},
	keywords = {Afrika/Zentral-,Kongo/Kinshasa,Geld/Kupfer,Luba},
	pages = {151-165}
}


@article{Denbow.1990,
 author = {Denbow, James},
 year = {1990},
 title = {Congo to Kalahari. Data and hypotheses about the political economy of the western stream of the Early Iron Age},
 pages = {139--176},
 volume = {8},
 issn = {0263-0338},
 journal = {{African Archaeological Review}}
}


@article{Denbow.2012,
 author = {Denbow, James},
 year = {2012},
 title = {Pride, Prejudice, Plunder and Preservation. Archaeology and the Re-Envisioning of Ethnogenesis on the Loango Coast of the Republic of Congo},
 pages = {383--408},
 volume = {86},
 journal = {{Antiquity}}
}


@book{Denbow.2014,
 author = {Denbow, James},
 year = {2014},
 title = {The Archaeology and Ethnography of Central Africa},
 address = {New York},
 publisher = {{Cambridge University Press}},
 isbn = {978-1-107-04070-0}
}


@article{deSaulieu.2015,
 title = {L'{\^a}ge du Fer ancien dans le bloc forestier du sud Cameroun: nouvelles donn{\'e}es entre Sangm{\'e}lima et Mintom},
 shorttitle = {L'{\^a}ge du Fer ancien dans le bloc forestier du sud Cameroun},
 author = {{de Saulieu}, Geoffroy and Ngouoh, Fran{\c c}ois and Oslisly, Richard},
 year = {2015},
 volume = {50},
 pages = {402--417},
 issn = {0067-270X, 1945-5534},
 doi = {10.1080/0067270X.2015.1079081},
 journal = {Azania: Archaeological Research in Africa},
 number = {3}
}


@article{Saulieu.2017,
	title = {Deux mille cinq cents ans de traditions céramiques à Dibamba Yassa (Cameroun)},
	author = {de Saulieu, Geoffroy and Oslisly, Richard and Nlend Nlend, Pascal and Ngouoh, François},
	date = {2017},
	journaltitle = {Afrique: Archéologie \& Arts},
	volume = {13},
	url = {url\{https://aaa.revues.org/979\}},
	urldate = {2017-01-09}
}


@book{Dibble.1995,
 author = {Dibble, Harold L. and Bar--Yosef, Ofer},
 year = {1995},
 title = {The definition and interpretation of Levallois technology},
 address = {Madison},
 number = {23},
 publisher = {{Prehistory Press}},
 isbn = {188109412X},
 series = {{Monographs in world archaeology}}
}


@incollection{Drew.1988,
 author = {Drew, Rainer},
 title = {Untersuchungen zur r{\"a}umlichen Verbreitung von~Scherben identischer Gef{\"a}{\ss}zugeh{\"o}rigkeit},
 pages = {483--552},
 publisher = {Rheinland-Verlag},
 series = {Rheinische Ausgrabungen},
 number = {28},
 editor = {Boelicke, Ulrich and von Brandt, Detlef and L{\"u}ning, Jens and Stehli, Petar and Zimmermann, Andreas},
 booktitle = {Der bandkeramische Siedlungsplatz Langweiler 8. Beitr{\"a}ge zur neolithischen~Be"-sied"-lungs"-ge"-sch"-ich"-te der Aldenhovener Platte 3},
 year = {1988},
 address = {K{\"o}ln}
}


@book{Drost.1967,
 author = {Drost, Dietrich},
 year = {1967},
 title = {T{\"o}pferei in Afrika. Technologie},
 address = {Berlin},
 number = {15},
 publisher = {Akademie-Verlag},
 series = {Ver{\"o}ffentlichungen des Museums f{\"u}r V{\"o}lkerkunde zu Leipzig / Museum f{\"u}r V{\"o}lkerkunde}
}


@article{Dupont.1887,
	title = {D{\'e}couverte Faite Par {{M}}. Le Capitaine Commandant d'artillerie {{Zbo{\"i}nski}}, d'instruments de l'{\^a}ge de La Pierre Dans l'{{Etat}} Du {{Congo}}},
	volume = {3},
	number = {13},
	journal = {Bulletin de l'Acad{\'e}mie Royale de Belgique},
	author = {Dupont, E.},
	year = {1887},
	pages = {407-409}
}


@incollection{Eggert.1980a,
 series = {Annales {{Aequatoria}}},
 title = {Zur {{Rolle}} des {{Wertmessers}} (mitako) am {{oberen Za\"ire}}, 1877--1908},
 number = {1},
 booktitle = {Recueil d'\'etudes Offert Au {{R}}. {{P}}. {{G}}. {{Hulstaert}} m.s.c. \`a l'occasion de Son 80e Anniversaire},
 author = {Eggert, Rosemarie K.},
 editor = {Claessens, A and Vinck, Honor\'e},
 year = {1980},
 pages = {263-326}
}


@article{Eggert.1980b,
 author = {Eggert, Manfred K. H.},
 year = {1980},
 title = {Der Keramikfund von Bon"-don"-go-Losombo (Région de l{\grq}Equateur, Zaïre) und die Archäologie des äquatorialen Regenwaldes},
 pages = {381--427},
 volume = {2},
 journal = {Beitr{\"a}ge zur Allgemeinen und Vergleichenden Arch{\"a}ologie}
}


@article{Eggert.1981,
 author = {Eggert, Manfred K. H.},
 year = {1981},
 title = {Historical Linguistics and Prehistoric Ar"-chae"-ol"-o"-gy. Trend and Pattern in Early Iron Age Research of Sub-Sa"-ha"-ran Africa},
 pages = {277--324},
 volume = {3},
 journal = {Beitr{\"a}ge zur Allgemeinen und Vergleichenden Arch{\"a}ologie}
}


@article{Eggert.1983,
 author = {Eggert, Manfred K. H.},
 year = {1983},
 title = {Remarks on Exploring Archaeologically Un"-known Rain Forest Territory. The Case of Central Africa},
 pages = {283--322},
 volume = {5},
 journal = {Beitr{\"a}ge zur Allgemeinen und Vergleichenden Arch{\"a}ologie}
}


@article{Eggert.1984,
 author = {Eggert, Manfred K. H.},
 year = {1984},
 title = {Imbonga und Lingonda. Zur fr{\"u}hesten Besiedlung des zentralafrikanischen~Regenwaldes},
 pages = {247--288},
 volume = {6},
 journal = {Beitr{\"a}ge zur Allgemeinen und Vergleichenden Arch{\"a}ologie}
}


@article{Eggert.1984b,
 author = {Eggert, Manfred K. H.},
 year = {1984},
 title = {The current state of archaeological research in the equatorial rainforest of Za{\"i}re},
 pages = {39--42},
 volume = {24/25},
 journal = {{Nyame Akuma}}
}


@incollection{Eggert.1987,
 author = {Eggert, Manfred K. H.},
 title = {Arch{\"a}ologische Forschungen im Zentralafrikanischen~Regenwald},
 pages = {3217--3240},
 volume = {9},
 publisher = {{Andreas Verlag}},
 editor = {Porter, R. and Niemeyer, H. G.},
 volume = {9},
 booktitle = {Die gro{\ss}en~Abenteuer der Arch{\"a}ologie},
 year = {1987},
 address = {Salzburg}
}


@article{Eggert.1987c,
 author = {Eggert, Manfred K. H.},
 year = {1987},
 title = {Imbonga and Batalimo. Ceramic evidence for early settlement of the equatorial rain forest},
 pages = {129--145},
 volume = {5},
 issn = {0263-0338},
 journal = {{African Archaeological Review}}
}


@incollection{Eggert.1988,
author = {Eggert, Manfred K. H.},
title = {Arch{\"a}ologie und Keramik-Ethnographie im \linebreak {\"A}quatorialen Regenwald Za{\"i}res},
pages = {25--38},
publisher = {Habelt},
isbn = {3774923205},
series = {T{\"o}pferei- und Keramikforschung},
number = {1},
editor = {Vossen, R{\"u}diger},
booktitle = {T{\"o}pfereiforschung zwischen Arch{\"a}ologie und Entwick- \linebreak lungspolitik},
year = {1988},
address = {Bonn}
}


@incollection{Eggert.1991,
 author = {Eggert, Rosemarie K.},
 title = {Der Handel mit moderner Tonware in der {\"A}quatorregion Za{\"i}res},
 pages = {369--382},
 publisher = {{R. Habelt}},
 isbn = {3-7749-2439-2},
 series = {T{\"o}pferei- und Keramikforschung},
 editor = {L{\"u}dtke, Hartwig and Vossen, R{\"u}diger},
 booktitle = {T{\"o}pfereiforschung -- arch{\"a}ologisch, ethnologisch, volkskundlich},
 number = {2},
 year = {1991},
 address = {Bonn}
}


@article{Eggert.1992,
 author = {Eggert, Manfred K. H.},
 year = {1992},
 title = {The Central African Rain Forest. Historical Speculation and Archaeological Facts},
 pages = {1--24},
 volume = {24},
 journal = {{ World Archaeology}}
}


@incollection{Eggert.1993,
 author = {Eggert, Manfred K. H.},
 title = {Central Africa and the Archaeology of the Equatorial Rainforest. Reflections on Some Major Topics},
 pages = {289--329},
 publisher = {Routledge},
 series = {One World Archaeology},
 editor = {Shaw, Thurstan and Sinclair, Paul and Andah, Bassey and Okpoko, Alex},
 booktitle = {The Archaeology of Africa. Food, Metal and Towns},
 year = {1993},
 address = {London and New York}
}


@incollection{Eggert.2002,
 author = {Eggert, Manfred K. H.},
 title = {Southern Cameroun and the Settlement of the Equatorial Rainforest. Early Ceramics from Fieldwork 1997 and 1998-99},
 pages = {507--522},
 publisher = {Heinrich-Barth-Institut},
 series = {Africa Praehistorica},
 editor = {Lenssen-Erz, Tilman and Tegtmeier, Ursula and Kr{\"o}pelin, Stefan},
 booktitle = {Tides of the Desert. Contributions to the Ar"-chae"-ol"-o"-gy and Environmental History of Africa in Honour of Rudolph Kuper -- Betr{\"a}ge zu Arch{\"a}ologie und Umweltgeschichte Afrikas zu Ehren von Rudolph Kuper},
 number = {14},
 year = {2002},
 address = { K{\"o}ln}
}


@incollection{Eggert.2005,
 author = {Eggert, Manfred K. H.},
 title = {The Bantu Problem and African Archaeology},
 pages = {301--326},
 publisher = {{Blackwell Pub.}},
 isbn = {1-4051-0155-5},
 series = {Blackwell Studies in Global Archaeology},
 editor = {Stahl, Ann Brower},
 booktitle = {{African archaeology}},
 year = {2005},
 address = {Malden}
}


@article{Eggert.2006b,
 author = {Eggert, Manfred K. H. and H{\"o}hn, Alexa and Kahlheber, Stefanie and Meister, Conny and Neumann, Katharina and Schweizer, Astrid},
 year = {2006},
 title = {Pits, Graves and Grains. Archaeological and Archaeobotanical Research in Southern Cameroon},
 pages = {273--298},
 volume = {4},
 number = {2},
 journal = {{Journal of African Archaeology}}
}


@incollection{Eggert.2011a,
 title = {{Henry Morton Stanley (1841-1904) oder Die Erschlie{\ss}ung Zentralafrikas als Medienereignis}},
 booktitle = {Inszenierte Wissenschaft: zur Popularisierung von Wissen im 19. Jahrhundert},
 author = {Eggert, Manfred K. H.},
 editor = {Samida, Stefanie},
 year = {2011},
 pages = {273--296},
 publisher = {{Transcript}},
 address = {{Bielefeld}},
 isbn = {978-3-8376-1637-8},
 number = {21},
 series = {{Histoire}}
}


@incollection{Eggert.2012,
 author = {Eggert, Manfred K. H.},
 title = {\enquote*{Bantuwanderungen} in der S{\"u}dh{\"a}lfte Afrikas. Historische Sprachwissenschaft, Arch{\"a}ologie, Arch{\"a}obotanik und Arch{\"a}ogenetik},
 pages = {193--216},
 publisher = {Akademie},
 series = {Europa im~Mittelalter},
 editor = {Borgolte, Michael and D{\"u}cker, Julia and M{\"u}llerburg, Marcel and Predatsch, Paul and Schneidm{\"u}ller, Bernd},
 booktitle = {{Europa im Geflecht der Welt}},
 number = {20},
 year = {2012},
 address = {Berlin}
}


@article{Eggert.2012c,
 author = {Eggert, Manfred K. H.},
 year = {2012},
 title = {Bantu und Indogermanen. Zur vergleichenden Anatomie eines sprach- und kulturgeschichtlichen Ph{\"a}nomens},
 pages = {1--63},
 volume = {62},
 number = {1},
 journal = {{Saeculum}}
}


@book{Eggert.2012e,
 author = {Eggert, Manfred K. H.},
 year = {2012},
 title = {Pr{\"a}historische Arch{\"a}ologie. Konzepte und Methoden},
 address = {T{\"u}bingen and Basel},
 edition = {4},
 number = {2092},
 publisher = {Francke},
 isbn = {978-3-8252-3696-0},
 series = {{UTB}}
}


@incollection{Eggert.2014,
 author = {Eggert, Manfred K. H.},
 title = {The Archaeology of the Central African Rainforest. Its Current State},
 pages = {183--203},
 publisher = {{Cambridge University Press}},
 isbn = {978-1-107-02377-2},
 editor = {Renfrew, Colin and Bahn, Paul G.},
 booktitle = {The Cambridge world prehistory 1. Africa, South and Southeast Asia and the Pacific},
 year = {2014},
 address = {Cambridge}
}


@book{Eggert.2016,
 author = {Eggert, Manfred K. H. and Seidensticker, Dirk},
 year = {2016},
 title = {Campo. Archaeological Research at the Mouth of the Ntem River \linebreak (South Cameroon), With contributions by C. Mbida Mindzi{\'e}, C. Meister, A. Mvondo Ze, P. R. Nlend Nlend \& S. Ritter},
 address = {K{\"o}ln},
 number = {31},
 publisher = {Heinrich-Barth-Institut},
 isbn = {978-3-927688-43-8},
 series = {{Africa Praehistorica}}
}


@inbook{Eggert.2016d,
	title = {Regional Chronology},
	booktitle = {In: M. K. H. \textsc{Eggert} \& D. \textsc{Seidensticker}, Campo: {{Archaeological}} Research at the Mouth of the {{Ntem River}} ({{South Cameroon}}), With contributions by C. Mbida Mindzi{\'e}, C. Meister, A. Mvondo Ze, P. R. Nlend Nlend \& S. Ritter},
	author = {Eggert, Manfred K. H. and Nlend Nlend, Pascal Roger and Seidensticker, Dirk and Meister, Conny},
	year = {2016},
	series = {Africa {{Praehistorica}}},
	volume = {31},
	pages = {72--83},
	publisher = {{Heinrich-Barth-Institut}},
	address = {{K\"oln}},
	isbn = {978-3-927688-43-8}
}


@article{Eggert.2016c,
 author = {Eggert, Manfred K. H.},
 year = {2016},
  title = {Geneticizing {{Bantu}}: {{Historical Insight}} or {{Historical Trilemma}}?},
 pages = {79--90},
 volume = {4},
 issn = {2412-3196},
 journal = {{Medieval Worlds}},
 doi = {10.1553/medievalworlds_no4_2016s79}
}


@article{Eggert.1980c,
author = {Eggert, Manfred K. H. and {Kanimba-Misago}},
year = {1980},
title = {Aspects d'un métier traditionnel. L'industrie de poterie à Ikenge (R{\'e}gion de l'Equateur, Za{\"i}re)},
pages = {387--430},
volume = {28},
journal = {Baesseler-Archiv, Neue Folge}
}


@book{Eggert.inVorb,
author = {Eggert, Manfred K. H.},
year = {in Vorb.},
title = {Pottery making in Ikenge on the Ruki and other villages in the Congo Basin},
address = {M{\"u}nster and New York},
publisher = {Waxmann},
series = {Edition Historische Kulturwissenschaften}
}


@article{Ehret.1973,
 title = {Patterns of {{Bantu}} and {{Central Sudanic Settlement}} in {{Central}} and {{Southern Africa}} (ca. 1000 {{B}}.{{C}}.-500 {{A}}.{{D}}.)},
 volume = {3},
 journal = {Transafr. Journ. Hist.},
 author = {Ehret, Christopher},
 year = {1973},
 pages = {1-71}
}


@incollection{Ehret.1982,
 author = {Ehret, Christopher},
 title = {Linguistic Inferences About Early Bantu History},
 pages = {57--65},
 publisher = {{University of California Press}},
 isbn = {0-520-04593-9},
 editor = {Ehret, Christopher and Posnansky, Merrick},
 booktitle = {The Archaeological and Linguistic Reconstruction of African History},
 year = {1982},
 address = {Berkeley and Los Angeles and London}
}


@article{Ehret.2001,
 author = {Ehret, Christopher},
 year = {2001},
 title = {Bantu Expansions. Re-Envisioning a Cen"-tr"-al Problem of Early African History},
 pages = {5--41},
 volume = {34},
 number = {1},
 journal = {The International Journal of African Historical Studies}
}


@book{Elouga.20002001,
 author = {Elouga, Martin},
 year = {1999/2000},
 title = {Arch{\'e}ologie du Camer"-oun M{\'e}ridonal. Etude de la c{\'e}ramique des sites du Sud de la boucle de la Sanaga. D{\'e}partement de la L{\'e}ki{\'e}. (Unveröff. Dissertation Universit{\'e} de Yaound{\'e} I)},
 address = {Yaound{\'e}}
}


@article{Essomba.1989,
 author = {Essomba, Joseph-Marie},
 year = {1989},
 title = {Dix ans de recherches archeologiques au Cameroun meridional (1979-1989)},
 pages = {33--57},
 volume = {6},
 journal = {{Nsi}}
}


@article{Ferembach.1979,
 author = {Ferembach, D. and Schwidetzky, I.},
 year = {1979},
 title = {Empfehlungen f{\"u}r die Alters- und Geschlechtsdiagnose am Skelett},
 pages = {1--32},
 volume = {30},
 journal = {{Homo}}
}


@article{Fiedler.1985,
 author = {Fiedler, Lutz and Preu{\ss}, Johannes},
 year = {1985},
 title = {Stone tools from the Inner Za{\"i}re Basin (R{\'e}gion de l'Equateur, Ruibal. Za{\"i}re)},
 pages = {179--187},
 volume = {3},
 issn = {0263-0338},
 journal = {{African Archaeological Review}}
}


@book{Gallay.2012,
 author = {Gallay, Alain},
 year = {2012},
 title = {Poti{\`e}res du Sahel. {\`A} la d{\'e}couverte des traditions c{\'e}ramiques de la boucle du Niger, Mali},
 address = {Gollion},
 publisher = {Infolio},
 isbn = {978-2-88474-250-4}
}


@article{Geyh.1990,
author = {Geyh, Mebus A.},
year = {1990},
title = {Radiocarbon dating problems using acetylene as counting gas},
pages = {321--324},
volume = {32},
number = {3},
journal = {{Radiocarbon}}
}


@book{Gillet.2013,
 author = {Gillet, Jean-Fran{\c{c}}ois},
 year = {2013},
 title = {Les for{\^e}ts {\`a} Marantaceae au sein de la mosa{\"i}que foresti{\`e}re du Nord de la R{\'e}publique du Congo. Origines et modalit{\'e}s de gestion (Unveröff. Dissertation Universit{\'e} de Li{\`e}ge)},
 url = {\url{http://hdl.handle.net/2268/155570}},
 address = {Li{\`e}ge},
 institution = {{Universit{\'e} de Li{\`e}ge}}
}


@article{Giresse.2005b,
 author = {Giresse, Pierre},
 year = {2005},
 title = {Mesozoic-Cenozioc history of the Congo Basin},
 pages = {301--315},
 volume = {43},
 journal = {{Journal of African Earth Sci\-ences}}
}


@book{Gomart.2014,
 author = {Gomart, Louise},
 year = {2014},
 title = {Traditions techniques et production c{\'e}ramique au N{\'e}olithique ancien. {\'E}tude de huit sites ruban{\'e}s du nord est de la France et de Belgique},
 url = {\url{http://gbv.eblib.com/patron/FullRecord.aspx?p=1870773}},
 address = {Havertown},
 publisher = {{Sidestone Press}},
 isbn = {978-90-8890-246-8}
}


@article{Gond.2013,
 author = {Gond, Val{\'e}ry and Fayolle, Adeline and Pennec, Alexandre and Cornu, Guillaume and Mayaux, Philippe and Camberlin, Pierre and Doumenge, Charles and Fauvet, Nicolas and Gourlet-Fleury, Sylvie},
 year = {2013},
 title = {Vegetation structure and greenness in \linebreak Central Africa from Modis multi-temporal data},
 pages = {1--8},
 volume = {368},
 number = {1625},
 journal = {Philosophical Transactions of the Royal Society B. Biological Sciences},
 doi = {\url{10.1098/rstb.2012.0309}}
}


@article{GonzalezRuibal.2011,
  title = {Early {{Iron Age Burials}} from~{{Equatorial Guinea}}: {{The Sites}} of {{Corisco Island}}},
  author = {González-Ruibal, Alfredo and Gelabert, Llorenç Picornell and Mañe, Alba Valenciano},
  date = {2011},
  journaltitle = {Journal of African Archaeology},
  volume = {9},
  pages = {41--66},
  number = {1}
}

@article{GonzalesRuibal.2012,
 author = {Gonz{\'a}lez-Ruibal, Alfredo and S{\'a}nchez-Elipe, Manuel and Otero-"-Vilari{\~n}o, Carlos},
 year = {2012},
 title = {An Ancient and Com"-mon Tradition. Funerary Rituals and Society in Equatorial Guinea (First--Twelfth Centuries AD)},
 pages = {115--143},
 volume = {30},
 number = {2},
 issn = {0263-0338},
 journal = {{African Archaeological Review}}
}


@article{GonzalezRuibal.2011,
 author = {Gonz{\'a}lez-Ruibal, Alfredo and Gelabert, Lloren{\c{c}} Picornell and Ma{\~n}e, Alba Valenciano},
 year = {2011},
 title = {Early Iron Age Burials from Equa"-to"-rial Guinea The Sites of Corisco Island},
 pages = {41--66},
 volume = {9},
 number = {1},
 journal = {{Journal of African Archaeology}}
}


@book{Gosselain.1988,
 author = {Gosselain, Olivier P.},
 year = {1988},
 title = {Sakusi. Fouille d'un premier village de n{\'e}olithique et de l'{\^a}ge des m{\'e}taux au Za{\"i}re. Analyse de la ceramique (Unveröff. M{\'e}moire de Licence Universit{\'e} Libre de Bruxelles)},
 address = {Br{\"u}ssel},
 institution = {{Universite libre de Bruxelles}}
}


@article{Gosselain.1992,
 author = {Gosselain, Olivier P.},
 year = {1992},
 title = {Technology and Style. Potters and Pottery \linebreak among Bafia of Cameroon},
 pages = {559--586},
 volume = {27},
 number = {3},
 journal = {{Man (N.S.)}}
}


@article{Gosselain.1992b,
 author = {Gosselain, Olivier P.},
 year = {1992},
 title = {Bonfire of the Enquiries. Pottery Firing Temperatures in Archaeology. What for?},
 pages = {243--259},
 volume = {19},
 issn = {0305-4403},
 journal = {{Journal of Archaeological Science}}
}


@incollection{Gosselain.2005,
 author = {Gosselain, Olivier P. and {Livingstone Smith}, Alexandre},
 title = {The Source. Clay Selection and Processing Practices in sub-Saharan Africa},
 pages = {33--47},
 publisher = {Archaeopress},
 isbn = {1-84171-695-2},
 series = {BAR International Series},
 editor = {{Livingstone Smith}, Alexandre and Bosquet, Dominique},
 booktitle = {Pottery manufacturing processes. Actes du XIV{\`e}me Congr{\`e}s UISPP, Universit{\'e} de Li{\`e}ge, Belgique, 2--8 septembre 2001, Section 2. Archaeometry, colloque = symposium 2.1},
 year = {2005},
 address = {Oxford}
}


@incollection{Gosselain.2010b,
 author = {Gosselain, Olivier P.},
 title = {De l'art d'accomoder les p{\^a}tes et de s'accomoder d'autrui au sud du Niger. Espaces et {\'e}chelles d'analyse},
 pages = {249--263},
 publisher = {{Soci{\'e}t{\'e} pr{\'e}historique fran{\c{c}}aise}},
 isbn = {2-913745-43-1},
 series = {M{\'e}moire de la Soci{\'e}t{\'e} pr{\'e}historique fran{\c{c}}aise},
 editor = {Manen, Claire and Convertini, Fabien and Binder, Didier and S{\'e}n{\'e}part, Ingrid},
 booktitle = {Premi{\`e}res soci{\'e}t{\'e}s paysannes de M{\'e}diterran{\'e}e occidentale. S{\'e}ance de la Soci{\'e}t{\'e} pr{\'e}historique fran{\c{c}}aise, Toulouse, 11--12 mai 2007},
 year = {2010},
 address = {Toulouse}
}


@book{GouemGouem.20102011,
 author = {{Gouem Gouem}, Bienvenu},
 year = {2010/2011},
 title = {Des premi{\`e}res communaut{\'e}s villageoises aux soci{\'e}t{\'e}s complexes sur le littoral m{\'e}ridional du Cameroun. (Unveröff. Dissertation Universit{\'e} Libre de Bruxelles)},
 address = {Br{\"u}ssel},
 institution = {{Universite libre de Bruxelles}}
}


@incollection{Gregoire.2003,
 author = {Gr{\'e}goire, Claire},
 title = {The Bantu Languages of the Forest},
 pages = {349--370},
 publisher = {Routledge},
 isbn = {0-7007-1134-1},
 editor = {Nurse, Derek and Philippson, G{\'e}rard},
 booktitle = {{The Bantu languages}},
 year = {2003},
 address = {London and New York}
}


@article{Grollemund.2015,
 title = {Bantu expansion shows that habitat alters the route and pace of human dispersals},
 volume = {112},
 issn = {1091-6490},
 number = {43},
 journal = {Proceedings of the National Academy of Sciences of the United States of America},
 author = {Grollemund, Rebecca and Branford, Simon and Bostoen, Koen and Meade, Andrew and Venditti, Chris and Pagel, Mark},
 year = {2015},
 pages = {13296-13301}
}


@book{Guthrie.1948,
 author = {Guthrie, Malcom},
 year = {1948},
 title = {The classification of the Bantu languages},
 address = {London},
 publisher = {{Oxford University Press}}
}


@article{Guthrie.1962,
 author = {Guthrie, Malcom},
 year = {1962},
 title = {Some Developments in the Prehistory of the Bantu Languages},
 pages = {273--282},
 volume = {3},
 number = {2},
 journal = {{Journal of African History}}
}


@article{Hall.1983,
 author = {Hall, Martin},
 year = {1983},
 title = {Tribes, Traditions and Numbers. The American model in Southern African Iron Age Ceramic Studies},
 pages = {51--57},
 volume = {38},
 journal = {{The South African Arch"-aeol"-o"-gi"-cal Bulletin}}
}


@book{Hedderich.2016,
 author = {Hedderich, J{\"u}rgen and Sachs, Lothar},
 year = {2016},
 title = {Angewandte Statistik. Methodensammlung mit R},
 price = {ca. EUR 49.99 (DE)},
 address = {Berlin},
 edition = {15},
 publisher = {{Springer Spektrum}},
 isbn = {9783662456910}
}


@article{Heine.1973,
 author = {Heine, Bernd},
 year = {1973},
 title = {Zur genetischen Gliederung der Bantu-Spra"-chen},
 pages = {164--185},
 volume = {56},
 journal = {{Afrika und {\"U}bersee}}
}


@incollection{Heine.1977,
 address = {Berlin},
 title = {Neuere {{Ergebnisse}} zur {{Territorialgeschichte}} der {{Bantu}}},
 booktitle = {Zur {{Sprachgeschichte}} und {{Ethnohistorie}} in {{Afrika}}: {{Neue Beitr\"age}} afrikanischer {{Forschungen}}},
 publisher = {{Reimer}},
 author = {Heine, Bernd and Hoff, Hans and Vossen, Rainer},
 editor = {M\"ohlig, Wilhelm J. G. and Rottland, Franz and Heine, Bernd},
 year = {1977},
 pages = {57-72}
}


@book{Hodgson.1976,
 author = {Hodgson, J. M.},
 year = {1976},
 title = {Soil Survey Field Handbook. Describing and Sampling Soil Profiles},
 address = {Harpenden},
 number = {5},
 publisher = {{Rothamsted Experimental Station}},
 series = {{Soil Survey Technical Monograph}}
}


@article{Horsburgh.2015,
 title = {Molecular Anthropology: {{The}} Judicial Use of Genetic Data in Archaeology},
 volume = {56},
 issn = {0305-4403},
 doi = {\\url\{10.1016/j.jas.2015.02.033\}},
 journal = {Journal of Archaeological Science},
 author = {Horsburgh, K. Ann},
 year = {2015},
 pages = {141-145}
}


@article{Hubau.2013,
 author = {Hubau, Wannes and {Van den Bulcke}, Jan and Kitin, P. and Mees, Florian and Baert, G. and Nsenga, Laurent and {van Acker}, Joris and Beeckman, Hans},
 year = {2013},
 title = {Ancient charcoal as a natural archive for palaeofire regime and vegetation change in the Mayumbe, Democratic Republic of the Congo},
 pages = {326--340},
 volume = {80},
 journal = {{Quaternary Research}}
}


@article{Huffman.1970,
 author = {Huffman, Thomas N.},
 year = {1970},
 title = {The Early Iron Age and the Spread of the Bantu},
 pages = {3--21},
 volume = {25},
 number = {97},
 journal = {The South African Archaeological Bulletin}
}


@article{Huffman.2005,
 author = {Huffman, Thomas N.},
 year = {2005},
 title = {The stylistic origin of Bambata and the spread of mixed farming in southern Africa},
 pages = {57--79},
 volume = {17},
 journal = {{Sou"-thern African Humanitiers}}
}


@article{Huysecom.199192,
 author = {Huysecom, Eric},
 year = {1992},
 title = {Les percuteurs d'argile. Des outils de poti{\`e}res africain utili{\'e}s de la pr{\'e}histoire {\`a} nos jours},
 pages = {71--98},
 volume = {3},
 journal = {{Bulletin du Centre Genevois d'An"-thro"-po"-lo"-gie}}
}


@incollection{Huysecom.1994,
 author = {Huysecom, Eric},
 title = {Identification technique des c{\'e}ra"-mi"-ques africaines},
 pages = {31--44},
 publisher = {APDCA},
 series = {Rencontres Internationales d'Arch{\'e}ologie et d'Hist"-oi"-re},
 number = {14},
 editor = {Audouze, F. and Binder, D.},
 booktitle = {{Terre cuite et soci{\'e}t{\'e}. XIVe Rencontres Internationales d'Arch"-{\'e}o"-lo"-gie et d'Hi"-st"-oi"-re d'Antibes. Actes des rencontres 21--23 octobre 1993}},
 year = {1994},
 address = {Juan-les-Pins}
}


@incollection{Huysecom.1996,
 author = {Huysecom, Eric},
 title = {Iron Age Terracotta Pestles in the Sahel Area. An Ethnoarchaeological Approach},
 pages = {419--458},
 publisher = {{Poznan Archaeological Museum}},
 series = {Studies in African Archaeology},
 number = {5},
 editor = {Krzyzaniak, Lech and Kroeper, Karla and Kobusiewicz, Michal},
 booktitle = {{Interregional Contacts in the Later Prehistory of Northeastern Africa}},
 year = {1996},
 address = {Poznan}
}


@article{Jauze.1944,
 author = {Jauze, J. B.},
 year = {1944},
 title = {Contribution {\`a} l'{\'e}tude de l'Ar"-ch{\'e}o"-lo"-gie du Cameroun},
 pages = {105--136},
 volume = {8},
 issn = {0256-176X},
 journal = {{Bulletin de la Soci{\'e}t{\'e} d'Etudes Camerounaises}}
}


@article{Jauze.1944b,
 author = {Jauze, J. B.},
 year = {1944},
 title = {{Notes d'archeologie camerounaise}},
 pages = {12--13},
 volume = {23},
 journal = {Notes Africaines. Bulletin d'information et de correspondance de \linebreak l'Institute Fran{\c{c}}aise d'Afrique noire}
}


@article{Jauze.1948,
 author = {Jauze, J. B.},
 year = {1948},
 title = {L'art inconnu d'une culture primitive africaine \linebreak dans la r{\'e}gion de Yaounde},
 pages = {47--49},
 volume = {23/24},
 journal = {{{\'E}tudes Camerounaises}}
}


@book{Jesse.2003,
author = {Jesse, Friederike},
year = {2003},
title = {Rahib 80/87. Ein Wavy-Line-Fund"-platz im Wadi Howar und die fr{\"u}heste Keramik in Nordafrika},
address = {K{\"o}ln},
number = {16},
isbn = {3-927688-22-3},
series = {{Africa Praehistorica}},
institution = {Heinrich-Barth-Inst}
}


@book{Jones.2013,
 year = {2013},
 title = {Soil atlas of Africa. A collaborative initiative of the European Union, the African Union and the Food and Agriculture Organization of the United Nations to support and encourage the sustainable use of soil resources in Africa and the Global Soil Partnership for Food Security},
 address = {Luxemburg},
 number = {25534 EN},
 publisher = {{Publications Office of the European Union}},
 isbn = {978-92-79-26715-4},
 series = {{EUR}},
 editor = {Jones, A. and Breuning-Madsen, H. and Brossard, M. and Dampha, A. and Deckers, J. and Dewitte, O. and Gallali, T. and Hallett, S. and Jones, R. and Kilasara, M. and {Le Roux}, P. and Micheli, E. and Montanarella, L. and Spaargaren, O. and Thiombiano, L. and {van Ranst}, E. and Yemefack, Martin and Zougmor{\'e}, R.}
}


@book{Joukowsky.1980,
 author = {Joukowsky, Martha},
 year = {1980},
 title = {A complete manual of field archaeology. Tools and techniques of field work for archaeologists},
 address = {Englewood Cliffs},
 publisher = {Prentice-Hall},
 isbn = {0-13-162164-5},
 series = {{A Spectrum book}}
}


@misc{Jungnickel.2016,
 author = {Jungnickel, Katharina},
 year = {2016},
 title = {A new slag-tapping open bowl iron reduction furnace from the Inner Congo~Basin (Congo~Kinshasa). 23$^{rd}$ biennial meeting of the Society of Africanist Archaeologists (SAfA)},
 address = {Toulouse},
 series = {{SAFA-Meeting}}
}


@article{KadimaKabongo.2011,
 author = {{Kadima Kabongo}, {\'E}tienne and {Sebagenzi Mwene Ntabwoba}, Stanislas and Lucazeau, Francis},
 year = {2011},
 title = {A Pro"-ter"-o"-zoic-rift origin for the \linebreak structure and the evolution of the cratonic Congo Basin},
 pages = {240--250},
 volume = {304},
 journal = {{Earth and Planetary Science Letters}}
}


@article{Kahlheber.2014,
 author = {Kahlheber, Stefanie and Eggert, Manfred K. H. and Seidensticker, Dirk and Wotzka, Hans-Peter},
 year = {2014},
 title = {Pearl Millet and Other Plant Remains from the Early Iron Age Site of Boso-Njafo (Inner Congo Basin, Democratic Republic of the Congo)},
 pages = {479--512},
 number = {31},
 issn = {0263-0338},
 journal = {{African Archaeological Review}}
}


@book{Keding.1997,
 author = {Keding, Birgit},
 year = {1997},
 title = {Djabarona 84/13. Untersuchungen zur Besiedlungsgeschichte des Wadi Howar anhand der Keramik des 3. und 2. Jahrtausends v. Chr},
 address = {K{\"o}ln},
 series = {{Africa Praehistorica}},
 number = {9},
 publisher = {Heinrich-Barth-Institut},
 isbn = {3-927688-14-2}
}


@book{Kemper.2013,
 author = {Kemper, Alfons and Eickler, Andr{\'e}},
 year = {2013},
 title = {Datenbanksysteme. Eine Einf{\"u}hrung},
 address = {M{\"u}nchen},
 edition = {9},
 publisher = {Oldenbourg},
 isbn = {3486721399}
}


@article{Kiahtipes.2011,
 author = {Kiahtipes, Christopher Albert and Lupo, Karen and Schmitt, David N. and Ndanga, Alfred Jean-Paul and Jones, John G. and Lee, Raymond},
 year = {2011},
 title = {Prehistory and the present. Palaeoenvironments in the northern Congo Basin},
 volume = {2},
 journal = {{Before Faming}}
}


@book{Kiahtipes.2016,
	author = {Kiahtipes, Christopher A.},
	year = {2016},
	title = {Late Holocene Paleoenvironments \linebreak and Anthropogenic Impacts in the Ngotto Forest (Unveröff. Dissertation Southern Methodist University)},
	address = {Dallas}
}


@book{Kinne.2009,
 author = {Kinne, Andreas},
 year = {2009},
 title = {Tabellen und Tafeln zur Grabungstechnik. Ein Hilfsmittel f{\"u}r die arch{\"a}ologische Gel{\"a}ndearbeit. \linebreak 5. Aufl.},
 address = {Dresden}
}


@book{Kneipp.1998,
 author = {Kneipp, J{\"u}rgen},
 year = {1998},
 title = {Bandkeramik zwischen Rhein, Weser und \linebreak Main. Studien zu Stil und Chronologie der Keramik},
 address = {\linebreak Bonn},
 number = {47},
 publisher = {Habelt},
 isbn = {3774928622},
 series = {Universit{\"a}tsforschungen zur pr{\"a}historischen Arch{\"a}ologie}
}


@incollection{Knopf.2009,
 address = {Rahden/Westf.},
 series = {Internationale {{Arch\"aologie}}},
 title = {Keramik in der {{Arch\"aologie}}: {{M\"oglichkeiten}} und {{Grenzen}} der {{Interpretation}}},
 booktitle = {Keramik jenseits von {{Chronologie}}},
 publisher = {{Verlag Marie Leidorf}},
 author = {Knopf, Thomas},
 editor = {Stockhammer, Philipp W.},
 year = {2009},
 pages = {1-10}
}


@book{Kote.1992,
 author = {Kot{\'e}, Lassina},
 year = {1992},
 title = {Naissance et d{\'e}veloppement des {\'e}conomies de production en Afrique centrale. Formulation d'un mod{\`e}le arch{\'e}ologique en terra incognita. (Unveröff. Dissertation Universit{\'e} de Parix X)},
 address = {Paris},
 institution = {{Universit{\'e} de Paris X, Nanterre}}
}


@article{Kouyoumontzakis.1985,
 author = {Kouyoumontzakis, Georges and Lanfranchi, Raymond and Gi"-res"-se, Pierre},
 year = {1985},
 title = {Les datations radiom{\'e}triques de quaternaire de la R{\'e}publique Populare du Congo},
 pages = {11--31},
 volume = {10},
 journal = {{Cahier congolais d'anthopologie et d'histoire}}
}


@book{Kreibich.2010,
 author = {Kreibich, Jay A.},
 year = {2010},
 title = {{Using SQLite}},
 price = {EUR 38.00 (freier Pr.)},
 address = {Beijing},
 publisher = {O'Reilly},
 isbn = {9780596521189}
}


@book{Kroeber.1944,
 author = {Kroeber, Alfred Louis},
 year = {1944},
 title = {{Archaeology in Peru in 1942}},
 address = {New York},
 volume = {4},
 series = {{Viking Fund Publications in~Anthropology}}
}


@article{Lanfranchi.1988,
 author = {Lanfranchi, Raymond and Pin{\c{c}}on, Bruno},
 year = {1988},
 title = {R{\'e}sultats pr{\'e}liminaires des prospections arch{\'e}ologiques r{\'e}centes sur les plateaux et collines Teke en R{\'e}publique populaire du Congo (1984-1987)},
 pages = {24--31},
 journal = {{Nsi}}
}



@incollection{Lanfranchi.1991c,
  title = {Congo},
  booktitle = {Aux Origines de l'{{Afrique}} Centrale},
  author = {Lanfranchi, Raymond},
  editor = {Lanfranchi, Raymond and Clist, Bernard},
  date = {1991},
  pages = {71--74},
  publisher = {{Centres culturels français d'Afrique centrale and Centre international des civilisations Bantu and Sépia avec le concours de UTA}},
  location = {{Paris}},
  isbn = {2-907888-11-0}
}


@incollection{Lanfranchi.1996b,
 author = {Lanfranchi, Raymond},
 title = {Une industrie M.S.A. de stone-line en for{\^e}t dense. Le site de Mokeko (Congo)},
 pages = {165--175},
 publisher = {{Univ. of Zimbabwe Publ.}},
 editor = {Pwiti, Gilbert and Soper, Robert},
 booktitle = {Aspects of African Archaeology. Papers from the 10th Congress of the PanAfrican Association for Prehistory and Related Studies},
 year = {1996},
 address = {Harare}
}


@book{Lange.2006,
 author = {Lange, Mathias},
 year = {2006},
 title = {Wadi Shaw -- Wadi Sahal. Studien zur holoz{\"a}nen Besiedlung der Laqiya-Region (Nordsudan)},
 address = {K{\"o}ln},
 number = {19},
 publisher = {Heinrich-Barth-Inst},
 isbn = {978-3-927688-30-8},
 series = {{Africa Praehistorica}}
}


@article{Langlois.2001,
 author = {Langlois, Olivier},
 year = {2001},
 title = {La distribution des techniques de fa{\c{c}}onnage de la poterie au sud du bassin tchadien. Un outil pour la recherche historique r{\'e}gionale},
 pages = {225--256},
 volume = {71},
 number = {1},
 issn = {0399-0346},
 journal = {{Journal des africanistes}},
 doi = {\url{10.3406/jafr.2001.1261}}
}


@article{Larsen.2008,
 author = {Larsen, L. B. and Vinther, B. M. and Briffa, K. R. and Melvin, T. M. and Clausen, H. B. and Jones, P. D. and Siggaard-Andersen, M.-L. and Hammer, C. U. and Eronen, M. and Grudd, H. and Gunnarson, B. E. and Hantemirov, R. M. and Naurzbaev, M. M. and Nicolussi, K.},
 year = {2008},
 title = {New ice core evidence for a volcanic cause of the A.D. 536 dust veil},
 pages = {1--5},
 volume = {35},
 number = {4},
 issn = {00948276},
 journal = {{Geophysical Research Letters}},
 doi = {\url{10.1029/2007GL032450}}
}


@incollection{Lavachery.1996,
 author = {Lavachery, Philippe},
 title = {Shum Laka rock shelter late Holocene deposits. From stone to metal (North Western Cameroon)},
 pages = {265--274},
 publisher = {{Univ. of Zimbabwe Publ.}},
 editor = {Pwiti, Gilbert and Soper, Robert},
 booktitle = {Aspects of African Archaeology. Papers from the 10th Congress of the PanAfrican Association for Prehistory and Related Studies},
 year = {1996},
 address = {Harare}
}


@article{Lavachery.2001,
 author = {Lavachery, Philippe},
 year = {2001},
 title = {The Holocene Archaeological Se"-qu"-en"-ce of Shum Laka Rock Shelter (Grassfields, Western Cameroon)},
 pages = {213--247},
 volume = {18},
 number = {4},
 issn = {0263-0338},
 journal = {{African Archaeological Review}}
}


@article{Lavachery.2005,
 author = {Lavachery, Philippe and MacEachern, Scott and Bouimon, Tchago and {Gouem Gouem}, Bienvenu and Kinyock, Pierre and Mbairo, Jean and Nkokonda, Olivier},
 year = {2005},
 title = {Kom{\'e} to Ebom{\'e}. Archaeological Research for the Chad Export Project, 1999-2003},
 pages = {175--193},
 volume = {3},
 number = {2},
 journal = {{Journal of African Archaeology}}
}


@book{Lavachery.2010,
 author = {Lavachery, Philippe and MacEachern, Scott and Bouimon, Tchago and {Mbida Mindzi{\'e}}, Christophe},
 year = {2010},
 title = {Kom{\'e} -- Kribi. Rescue Archaeology \linebreak along the Chad--Cameroon Oil Pipeline, 1999--2004},
 address = {Frankfurt am Main},
 number = {4},
 publisher = {{Africa Magna Verlag}},
 series = {Journal of African Archaeology Monograph Series}
}


@misc{Leka.2008,
 author = {Leka, Marie Juliette},
 year = {2008},
 title = {Nouvelles recherches archeologiques en pays Tikar. Premiers resultats. 19$^{th}$ biennial meeting of the Society of Africanist Archaeologists (SAfA)},
 address = {Frankfurt am Main},
 series = {{SAFA-Meeting}}
}


@book{Lemonnier.1992,
 author = {Lemonnier, Pierre},
 year = {1992},
 title = {Elements for an anthropology of technology},
 price = {alk. paper},
 address = {Ann Arbor},
 number = {88},
 publisher = {{Univ. of Michigan Museum of Anthropology}},
 isbn = {0915703300},
 series = {{Anthropological papers}}
}


@book{Lemonnier.2002,
 author = {Lemonnier, Pierre}, 
 year = {2002},
 title = {Technological choices. Transformation in material cultures since the Neolithic},
 address = {London},
 publisher = {Routledge},
 isbn = {0415073316},
 series = {{Material cultures}}
}


@book{LeroiGourhan.1964,
 author = {{Leroi Gourhan}, Andr{\'e}},
 year = {1964},
 title = {Le geste et la parole I. Technique et langage},
 address = {Paris},
 publisher = {{Albin Michel}}
}


@book{LeroiGourhan.1965,
 author = {{Leroi Gourhan}, Andr{\'e}},
 year = {1965},
 title = {Le geste et la parole II. La m{\'e}moire et les rythmes},
 address = {Paris},
 publisher = {{Albin Michel}}
}


@book{Letouzey.1968,
 author = {Letouzey, Ren{\'e}},
 year = {1968},
 title = {{\'E}tude phytog{\'e}ographique du Cameroun},
 address = {Paris},
 number = {69},
 publisher = {{{\'E}dition Paul Lechevalier}},
 series = {{Encyclop{\'e}die Biologique}}
}


@incollection{Lezine.2013,
 author = {L{\'e}zine, A.-M.},
 title = {{Pollen Records, Postglacial -- Africa}},
 url = {\url{http://www.sciencedirect.com/science/article/pii/B9780444536433001916}},
 pages = {85--103},
 publisher = {Elsevier},
 isbn = {978-0-444-53642-6},
 editor = {{Mock, Scott A. EliasCary J}},
 booktitle = {{Encyclopedia of Quaternary Science}},
 edition = {2},
 year = {2013},
 address = {Amsterdam},
 doi = {\url{10.1016/B978-0-444-53643-3.00191-6}}
}


@article{Lindahl.2010,
 author = {Lindahl, Anders and Pikirayi, Innocent},
 year = {2010},
 title = {Ceramics and Change. An Overview of Pottery Production Tech"-niques in Northern South Africa and Eastern Zimbabwe During the First and Second Millenium AD},
 pages = {133--149},
 volume = {2},
 journal = {{Archaeological and Anthropological Sci"-ences}}
}


@article{Linstadter.2013,
 author = {Linst{\"a}dter, J{\"o}rg and Wagner, Gregor},
 year = {2013},
 title = {The Early Neolithic \linebreak Pottery of Ifri Oudadane, NE Morocco. Qualitative and Quantitative Evidence},
 pages = {155--196},
 volume = {11},
 number = {2},
 journal = {{Journal of African Archaeology}}
}


@article{LivingstoneSmith.2001,
 author = {{Livingstone Smith}, Alexandre},
 year = {2001},
 title = {Bonfire II. The Return of Pottery Firing Temperatures},
 pages = {991--1003},
 volume = {28},
 issn = {0305-4403},
 journal = {Journal of Archaeological Science}
}


@book{LivingstoneSmith.2007d,
	author = {{Livingstone Smith}, Alexandre},
	year = {2007},
	title = {Cha{\^i}ne op{\'e}ratoire de la poterie. R{\'e}"-f{\'e}r"-en"-ces ethnographiques, analyses et reconstitution},
	address = {Tervuren},
	publisher = {{Mus{\'e}e Royal de l'Afrique Centrale}},
	isbn = {978-9-0747-5223-7}
}


@article{LivingstoneSmith.2007,
 author = {{Livingstone Smith}, Alexandre},
 year = {2007},
 title = {Histoire du d{\'e}cor {\`a} la roulette en Afrique sub"-saharienne},
 pages = {189--216},
 volume = {5},
 number = {2},
 journal = {{Journal of African Archaeology}}
}

@misc{LivingstoneSmith.2008,
	author = {{Livingstone Smith}, Alexandre},
	year = {2008},
	title = {Crossing Borders. Towards the integration of Archaeology and Historical Linguistics. 19$^{th}$ biennial meeting of the Society of Africanist Archaeologists (SAfA)},
	address = {Frankfurt am Main},
	series = {{Proceedings of the 19th biennial meeting of SAFA}}
}


@article{LivingstoneSmith.2017,
	author = {{Livingstone Smith}, Alexandre and Cornelissen, Els and de Francquen, Cecile and Nikis, Nicolas and Mees, Florias and {Tshibamba Mukendi}, John and Beeckman, Hans and Bourland, Nils and Hubau, Wannes},
	year = {2017},
	title = {Forests and rivers. The archaeology of the north eastern Congo},
	pages = {1--22},
	journal = {{Quaternary International}},
	doi = {\url{10.1016/j.quaint.2016.10.010}}
}


@article{LivingstoneSmith.2011,
	author = {{Livingstone Smith}, Alexandre and Cornelissen, Els and Hubau, Wannes and Ebosso, O.},
	year = {2011},
	title = {Prospections et Fouilles Arch{\'e}ologiques de la Mission \enquote{Boyekoli Ebale Congo 2010} (RDC)},
	pages = {11--16},
	volume = {75},
	journal = {{Nyame Akuma}}
}


@incollection{LivingstoneSmith.2010b,
	author = {{Livingstone Smith}, Alexandre and Gosselain, Olivier P. and Mayor, Anne and Gu{\`e}ye, S.},
	title = {Modern roulettes in sub-Saharan Africa},
	pages = {35--108},
	publisher = {Oxbow},
	isbn = {978-1-84217-968-0},
	editor = {Haour, Anne C. and Manning, Katie and Arazi, N. and Gosselain, Olivier P. and Gu{\`e}ye, S. and Keita, D. and {Livingstone Smith}, Alexandre and MacDonald, Kevin C. and Mayor, Anne and McIntosh, Susan Keech and Vernet, R.},
	booktitle = {{African pottery roulettes past and present}},
	year = {2010},
	address = {Oxford}
}


@article{LivingstoneSmith.2009,
 author = {{Livingstone Smith}, Alexandre and {van der Veken}, Anneleen},
 year = {2009},
 title = {The \enquote{Crossing Boders Project}. Pottery traditions in Katanga (DRC)},
 pages = {141--148},
 volume = {5 (2007--2009)},
 journal = {{Afrique. Arch{\'e}ologie {\&} Arts}}
}


@article{LivingstoneSmith.2010c,
 author = {{Livingstone Smith}, Alexandre and Visseyrais, Aline},
 year = {2010},
 title = {Shaping Kabambian Pottery. Identification and Definition of Technical Features},
 pages = {124--141},
 volume = {3},
 journal = {The Open Anthropology Journal}
}


@article{Logan.2012,
 title = {Oil Palm, Arboriculture, and Changing Subsistence Practices during {{Kintampo}} Times (3600--3200~{{BP}}, {{Ghana}})},
 volume = {249},
 issn = {1040-6182},
 doi = {\\url\{10.1016/j.quaint.2010.12.004\}},
 number = {0},
 journal = {Long-term perspectives on human occupation of tropical rainforests},
 author = {Logan, Amanda L. and D'Andrea, A. Catherine},
 year = {2012},
 pages = {63-71}
}


@book{Lubbock.1865,
 author = {Lubbock, John},
 year = {1865},
 title = {Prehistoric times, as illustrated by ancient remains and the manners and customs of modern savages},
 address = {London},
 publisher = {{Williams and Norgate}}
}


@article{LundRasmussen.2012,
 author = {{Lund Rasmussen}, Kaare and {De La Fuente}, Guillermo A. and Bond, Andrew D. and {Korsholm Mathiesen}, Karsten and Vera, Sergio D.},
 year = {2012},
 title = {Pottery Firing Temperatures. A new Method for Determing the firing Temperature of Ceramics and burnt Clay},
 pages = {1705--1716},
 volume = {39},
 issn = {0305-4403},
 journal = {{Journal of Archaeological Science}}
}


@article{Luning.2017,
	title = {Warming and {{Cooling}}: {{The Medieval Climate Anomaly}} in {{Africa}} and {{Arabia}}},
	volume = {32},
	issn = {08838305},
	number = {11},
	journal = {Paleoceanography},
	doi = {\\url\{10.1002/2017PA003237\}},
	author = {L{\"u}ning, Sebastian and Ga{\l}ka, Mariusz and Vahrenholt, Fritz},
	year = {2017},
	pages = {1219-1235}
}

@article{Luning.2018,
	title = {Hydroclimate in {{Africa}} during the {{Medieval Climate Anomaly}}},
	volume = {495},
	issn = {00310182},
	journal = {Palaeogeography, Palaeoclimatology, Palaeoecology},
	doi = {10.1016/j.palaeo.2018.01.025},
	author = {L{\"u}ning, Sebastian and Ga{\l}ka, Mariusz and Danladi, Iliya Bauchi and Adagunodo, Theophilus Aanuoluwa and Vahrenholt, Fritz},
	year = {2018},
	pages = {309-322}
}


@article{Lupo.2015,
 author = {Lupo, Karen D. and Schmitt, Dave N. and Kiahtipes, Christopher A. and Ndanga, Jean-Paul and Young, D. Craig and Simiti, Bernard and Silva, Lucas C.R.},
 year = {2015},
 title = {On Intensive Late Holocene Iron Mining and Production in the Northern Congo Basin and the Environmental Consequences Associated with Metallurgy in Central Africa},
 pages = {1--23},
 volume = {10},
 number = {7},
 journal = {{PLoS ONE}},
 doi = {\url{10.1371/journal.pone.0132632}}
}


@article{Lupo.2018,
 title = {An Elusive Record Exposed: Radiocarbon Chronology of Late {{Holocene}} Human Settlement in the Northern {{Congo Basin}}, Southern {{Central African Republic}}},
 volume = {53},
 issn = {0067-270X, 1945-5534},
 shorttitle = {An Elusive Record Exposed},
 doi = {10.1080/0067270X.2018.1471798},
 number = {2},
 journal = {Azania: Archaeological Research in Africa},
 author = {Lupo, Karen D. and Kiahtipes, Christopher A. and Schmitt, Dave N. and Ndanga, Jean-Paul and Craig Young, D. and Simiti, Bernard},
 year = {2018},
 pages = {209-227}
}


@article{Maley.1991,
 author = {Maley, Jean},
 year = {1991},
 title = {The African Rainforest Vegetation and Pa"-leo"-environments during late Quaternary},
 pages = {79--98},
 volume = {19},
 journal = {{Climatic Change}}
}


@article{Maley.1998b,
 author = {Maley, Jean and Brenac, Patrice},
 year = {1998},
 title = {Vegetation dynamics, paleo"-envi"-ron"-ments and climatic changes in the forest of western Cameroon during the last 28,000 years B.P.},
 pages = {157--188},
 volume = {157},
 journal = {{Review of Palaeobotany and Palynology}}
}


@article{Maley.2001,
 author = {Maley, Jean},
 year = {2001},
 title = {Si la foret tropicale m'{\'e}tait cont{\'e}e},
 pages = {6--9},
 volume = {19},
 journal = {{ Canop{\'e}e}}
}


@incollection{Maley.2003,
 author = {Maley, Jean},
 title = {Synth{\`e}se sur l'histoire de la v{\'e}g{\'e}tation et du climat en Afrique centrale au cours de Quaternaire r{\'e}cent},
 pages = {53--75},
 publisher = {{IRD {\'E}ditions} and {IRD {\'e}d}},
 isbn = {2-7099-1534-0},
 series = {Collection Colloques et s{\'e}minaires / Institut fran{\c{c}}ais de recherche scientifique pour le d{\'e}veloppement},
 editor = {Froment, Alain and Guffroy, Jean},
 booktitle = {Peuplements anciens et actuels des for{\^e}ts tropicales},
 year = {2003},
 address = {Paris}
}


@book{Manem.2008,
 author = {Manem, S{\'e}bastien},
 year = {2008},
 title = {Les fondements technologiques de la culture des Duffaits. {\^A}ge du~Bronze Moyen. (Unveröff. Dissertation Universit{\'e} de Paris X, Nanterre)},
 address = {Paris},
 institution = {Universit{\'e} de Paris X, Nanterre}
}


@article{Manem.2010,
 author = {Manem, S{\'e}bastien},
 year = {2010},
 title = {Des habitats aus sites de rassemblement {\`a} vocation rituelle. L'{\^a}ge du Bronze selon le concept de \enquote{cha{\^i}ne op{\'e}ratoire}},
 pages = {30--36},
 volume = {119},
 journal = {Les Nouvelles de l'arch{\'e}ologie}
}


@article{Manen.2002,
 author = {Manen, Claire},
 year = {2002},
 title = {Structure et identit{\'e} des styles c{\'e}ramiques du N{\'e}oloithique ancien entre Rh{\^o}ne et {\`E}bre},
 pages = {121--165},
 volume = {44},
 journal = {{Gallia Pr{\'e}histoire}}
}


@article{Mann.1987,
 author = {Mann, Robert W. and Symes, Steven A. and Bass, William M.},
 year = {1987},
 title = {Maxillary Suture Obliteration. Aging the Human Skeleton Based on Intact or Fragmentary Maxilla},
 pages = {148--157},
 volume = {32},
 number = {1},
 journal = {{Journal of Forensic Sciences}}
}


@article{Mann.1991,
 author = {Mann, Robert W. and Jantz, Richard L. and Bass, William M. and Willey, Patrick S.},
 year = {1991},
 title = {Maxillary Suture Obliteration. A Visual Method for Estimating Skeletal Age},
 pages = {781--791},
 volume = {36},
 number = {3},
 journal = {Journal of Forensic Sciences}
}


@incollection{Martineau.2005,
 author = {Martineau, R{\'e}mi},
 title = {Identification of the \enquote{Beater and Anvil} Technique in Neolithic Contexts. Experimental \linebreak Approach},
 pages = {147--156},
 publisher = {Archaeopress},
 isbn = {1-84171-695-2},
 series = {BAR International Series},
 number = {1349},
 editor = {{Livingstone Smith}, Alexandre and Bosquet, Dominique},
 booktitle = {Pottery manufacturing processes. Actes du XIV{\`e}me Congr{\`e}s UISPP, Universit{\'e} de Li{\`e}ge, Belgique, 2--8 septembre 2001, Section 2. Archaeometry, colloque = symposium 2.1},
 year = {2005},
 address = {Oxford}
}


@article{Marwick.2017,
 author = {Marwick, Ben},
 year = {2017},
 title = {Computational Reproducibility in Arch"-aeo"-lo"-gi"-cal Research. Basic Principles and a Case Study of Their Implementation},
 pages = {424--450},
 volume = {24},
 number = {2},
 journal = {{Journal of Archaeological Method and Theory}},
 doi = {\url{10.1007/s10816-015-9272-9}}
}


@book{Mayaux.2003,
 author = {Mayaux, Philippe and Bartholom{\'e}, E. and Massart, M. and {van Cutsem}, C. and Cabral, A. and Nonguierma, A. and Diallo, O. and Pretorius, C. and Thompson, M. and Cherlet, M. and Pekel, Jean-Fran{\c{c}}ois and Defourny, P. and Vasconcelos, M. and {Di Gregorio}, A. and Fritz, S. and de Grandi, G. and Elvidge, C. and Vogt, P. and Belward, Alan S.},
 year = {2003},
 title = {A Land Cover Map of Africa. Carte de l'occupa\-tion du sol de l'Afrique. \url{http://bioval.jrc.ec.europa.eu/products/glc2000/products.php}},
 address = {Luxembourg},
 volume = { 20665},
 publisher = {EUR-OP},
 isbn = {92-894-5370-2},
 series = {{EUR / European Commission}},
 institution = {{European Commission, Joint Research Centre}}
}


@article{Mayor.2005,
 author = {Mayor, Anne and Huysecom, Eric and Gallay, A. and Rasse, Michel and Ballouche, A.},
 year = {2005},
 title = {Population dynamics and Paleoclimate over the past 3000 years in the Dogon Country, Mali},
 pages = {25--61},
 volume = {24},
 issn = {02784165},
 journal = {Journal of Anthropological Archaeology}
}


@article{Mayor.2011,
 author = {Mayor, Anne},
 year = {2011},
 title = {Impressions de vanneries et technique du martelage sur forme concave. Anthropologie et histoire d'une technique dans la boucle du Niger},
 pages = {88--109},
 volume = {46},
 number = {1},
 issn = {0067-270X},
 journal = {Azania: Archaeological Research in Africa}
}


@book{Mayor.2011b,
 author = {Mayor, Anne},
 year = {2011},
 title = {Traditions c{\'e}ramiques dans la boucle du Niger. Ethnoarch{\'e}ologie et histoire du peuplement au temps des empires pr{\'e}coloniaux},
 address = {Frankfurt am Main},
 number = {2},
 publisher = {{Africa Magna Verlag}},
 isbn = {978-3-937248-25-7},
 series = {Journal of African Archaeology Monograph Series {\normalfont 7}/Peuplement humain {\&} Pal{\'e}oenvironnement en Afrique de l'Quest}
}


@book{MbidaMindzie.19951996,
 author = {{Mbida Mindzi{\'e}}, Christophe},
 year = {1995/1996},
 title = {L'{\'e}mergence de communau\-t{\'e}s villageoises au Cameroun m{\'e}ridional. Etude arch{\'e}ologique des sites de Nkang et de Ndindan. (Unveröff. Dissertation Universit{\'e} Libre de Bruxelles},
 address = {Br{\"u}ssel},
 publisher = {Universit{\'e} Libre de Bruxelles}
}


@incollection{MbidaMindzie.1998,
	address = {Paris and Montreal},
	series = {Collection {{\'Etude Africaines}}},
	title = {Premi\`eres communaut\`es villageoises au sud du {{Cameroun}}. {{Synth\`ese}} et donn\'ees nouvelles},
	booktitle = {Pal\'eo-anthropologie en {{Afrique}} centrale. {{Un}} bilan de l'arch"-\'eo"-logie au {{Cameroun}}},
	publisher = {{L'Harmattan}},
	author = {Mbida Mindzi\'e, Christophe},
	editor = {Delneuf, Mich\'ele and Essomba, Joseph-Marie and Froment, Alain},
	year = {1998},
	pages = {203-211}
}


@article{McIntosh.1988,
 author = {McIntosh, Susan Keech and McIntosh, Roderick J.},
 year = {1988},
 title = {From Stone to Metal. New Perspectives on the Later Prehistory of West Africa},
 pages = {89--133},
 volume = {2},
 number = {1},
 journal = {{Journal of World Prehistory}}
}


@article{McMaster.2005,
 author = {McMaster, Mary},
 year = {2005},
 title = {Language Shift and its Reflection in African Archaeology. Cord rouletting in the Uele and Interlacustrine regions},
 pages = {43--72},
 volume = {40},
 issn = {0067-270X},
 journal = {Azania: Archaeological Research in Africa}
}


@article{Meister.2008b,
 author = {Meister, Conny and Eggert, Manfred K. H.},
 year = {2008},
 title = {On the Early Iron Age in Southern Cameroon. The Sites of Akon{\'e}tye},
 pages = {183--202},
 volume = {6},
 number = {2},
 journal = {Journal of African Archaeology}
}


@article{Meister.2010,
 title = {Remarks on~{{Early Iron Age Burial Sites}} from~{{South Cameroon}}},
 author = {Meister, Conny},
 year = {2010},
 volume = {27},
 pages = {237--249},
 issn = {0263-0338},
 journal = {African Archaeological Review}
}


@article{Meyer.2009,
 title = {Preliminary Report on the Excavations at {{Bagofit}} and {{Mampang}}, {{East Province}}, {{Cameroon}}},
 author = {Meyer, Silja V. and Meister, Conny and Eggert, Manfred K. H.},
 year = {2009},
 volume = {72},
 pages = {67--73},
 journal = {Nyame Akuma}
}


@book{Modderman.1970,
 author = {Modderman, Pieter J. R.},
 year = {1970},
 title = {Linearbandkeramik aus Elsloo und Stein},
 address = {Leiden},
 number = {3},
 series = {Analecta Praehistorica Leidensia}
}


@article{Modderman.1974,
 author = {Modderman, Pieter J. R.},
 year = {1974},
 title = {Die Limbuger Keramik von Kesseleyk},
 pages = {5--11},
 volume = {4},
 journal = {Arch{\"a}ologisches Korrespondenzblatt}
}


@incollection{Modderman.1982,
  title = {Conclusion générale},
  booktitle = {Éléments non-rubanés du {{Néolithique}} ancien \linebreak entre les vallées du {{Rhin}} inférieur et de la {{Seine}}},
  author = {Modderman, Pieter J. R.},
  editor = {Modderman, Pieter J. R.},
  date = {1982},
  volume = {22},
  pages = {272--273},
  series = {Helinium}
}


@incollection{Moeyersons.1996,
 author = {Moeyersons, Jan J.},
 title = {Evolution of the Shum Laka rock shelter (Western Cameroon) since Late Stone Age times},
 pages = {245--255},
 publisher = {{Univ. of Zimbabwe Publ.}},
 editor = {Pwiti, Gilbert and Soper, Robert},
 booktitle = {Aspects of African Archaeology. Papers from the 10th Congress of the PanAfrican Association for Prehistory and Related Studies},
 year = {1996},
 address = {Harare}
}


@article{Moga.2008,
 author = {Moga, Joseph},
 year = {2008},
 title = {La m{\'e}tallurgie du fer en~Centrafrique. Premiers {\'e}l{\'e}ments de synth{\`e}se},
 pages = {1--7},
 volume = {1},
 journal = {Revue Centrafricaine d'An"-thro"-po"-lo"-gie}
}


@article{MorinRivat.2014,
 author = {Morin-Rivat, Julie and Fayolle, Adeline and Gillet, Jean Fran{\c{c}}ois and Bourland, Nils and Gourlet-Fleury, Sylvie and Oslisly, Richard and Bremond, Laurent and Bentaleb, Ilham and Beeckman, Hans and Doucet, Jean-Louis},
 year = {2014},
 title = {New Evidence of Human Activities during the Holocene in the Lowland Forests of the Northern Congo Basin},
 pages = {209--220},
 volume = {56},
 number = {1},
 journal = {{Radiocarbon}}
}


@incollection{Mortelmans.1962,
 author = {Mortelmans, G.},
 title = {Arch{\'e}ologie des grottes Dimba et Ngovo. R{\'e}gion de Thysville, Bas-"-Con"-go},
 pages = {407--425},
 publisher = {{Mus{\'e}e Royal de l'Afrique Centrale}},
 series = {Annalen / Koninklijk Museum voor Midden-Afrika, Tervuren, Belgi{\"e} . Menswetenschappen = Sciences humaines},
 editor = {Mortelmans, Georges and Nenquin, Jacques},
 booktitle = {Actes, IVe Congr{\`e}s Panafricain de Pr{\'e}histoire et de l'Etude du Quaternaire (Bd. 2). Congres Leopoldville 1959},
 year = {1962},
 address = {Tervuren}
}


@incollection{Mortelmans.1962b,
 author = {Mortelmans, G.},
 title = {Vue d'ensemble sur la pr{\'e}histoire du Congo occidental},
 pages = {129--164},
 publisher = {{Mus{\'e}e Royal de l'Afrique Centrale}},
 series = {Annalen / Koninklijk Museum voor Midden-Afrika, Tervuren, Belgi{\"e} . Menswetenschappen = Sciences humaines},
 editor = {Mortelmans, Georges and Nenquin, Jacques},
 booktitle = {Actes, IVe Congr{\`e}s Panafricain de Pr{\'e}histoire et de l'Etude du Quaternaire (Bd. 2). Congres Leopoldville 1959},
 year = {1962},
 address = {Tervuren}
}


@book{MpikaNgoma.1996,
 author = {Mpika-Ngoma, L{\'e}opold},
 year = {1996},
 title = {Recherche compar{\'e}e des c{\'e}ramiques traditionelles du Congo, des origines {\`a} nos jours. Ethnoarch{\'e}ologie: Art tradionnel Bantu},
 address = {Brazzaville},
 publisher = {{Editions Action Culturelle}}
}


@book{Muramira.20042005,
 author = {Muramira, Fran{\c{c}}ois},
 year = {2004/2005},
 title = {La technologie de la forge a Bangui. Etude de transmission des savoir-faire au quartier senegalais dans le 3{\`e}me arrondissement. (Unveröff. Memoire de Maitrise Universit{\'e} de Bangui)},
 address = {Bangui},
 institution = {Universite de Bangui}
}


@book{Muramira.20052006,
 author = {Muramira, Fran{\c{c}}ois},
 year = {2005/2006},
 title = {Mutation de la technologie du fer en Centrafrique. Etude comparée de la forge entre Bangui- \linebreak Bambari. (Unveröff. Memoire de Master Universit{\'e} de \linebreak Bangui)},
 address = {Bangui},
 institution = {Universite de Bangui}
}


@book{Ndanga.199596,
 author = {Ndanga, Alfred Jean-Paul},
 year = {1996},
 title = {Archéologie de la moyenne vall{\'e}e de la Sangha. (Unveröff. Memoire de Maitrise Universit{\'e} de Bangui)},
 address = {Bangui},
 institution = {Universite de Bangui}
}


@misc{Ndanga.20120623,
 author = {Ndanga, Alfred Jean-Paul},
 year = {2012},
 title = {Late Holocene Occupations along the Oubangui-River at Mongo II, South"-west"-ern Central African Republic. 21$^{st}$ biennial meeting of the Society of Africanist Archaeologists (SAfA)},
 address = {Toronto},
 series = {21th Meeting of the Safa}
}

@misc{Ndanga.2010,
author = {Ndanga, Alfred Jean-Paul and Cornelissen, Els and Lanfranchi, Raymond},
year = {2010},
title = {Quel lien entre les ateliers de taille de Ngo Tchororo et la c{\'e}ramique de Batalimo (RCA)? 13$^{th}$ congress of the PanAfrican Archaeological Association (PAA) - 20$^{th}$ biennial meeting of the Society of Africanist Archaeologists (SAfA)},
address = {Dakar}
}


@incollection{Nenquin.1971,
 author = {Nenquin, J.},
 title = {The Congo, Rwanda, and Burundi},
 editor = {Shinnie, Peter},
 booktitle = {{The African Iron Age}},
 year = {1971},
 address = {Oxford}
}


@article{Neumann.2006,
 title = {\"Olpalme, Perlhirse und Banane: Wie \linebreak kam die Landwirtschaft in den Regenwald Zentralafrikas?},
 number = {2-3},
 journal = {Forschung Frankfurt},
 author = {Neumann, Katharina},
 year = {2006},
 pages = {38-41}
}


@article{Neumann.2012,
 author = {Neumann, Katharina and Bostoen, Koen and H{\"o}hn, Alexa and Kahlheber, Stefanie and Ngomanda, Alfred and Tchiengu{\'e}, Barthel{\'e}my},
 year = {2012},
 title = {First farmers in the Central African rainforest. A view from southern Cameroon},
 pages = {53--62},
 volume = {249},
 journal = {Quaternary International}
}


@misc{Neumann.2014,
 author = {Neumann, Katharina},
 year = {2014},
 title = {Comment on Bostoen et al. Middle to Late Holocene Palaeoclimatic Change and the Early Bantu Expansion in the Rain Forests of West Central Africa},
}


@book{Neumer.2007,
 author = {Neumer, Marion},
 year = {2007},
 title = {Reliefformen, fluviale Morphodynamik und Sedimente in den wechselfeuchten Tropen Zentralafrikas. Indikatoren f{\"u}r subrezente und rezente Land\-schafts\-entwicklung. (Unveröff. Dissertation Johann Wolfgang \linebreak Goethe-Universit{\"a}t Frankfurt am Main)},
 address = {Frankfurt am Main},
 institution = {Johann Wolfgang Goethe-Universit{\"a}t}
}


@article{Ngomanda.2009,
 author = {Ngomanda, Alfred and Neumann, Katharina and Schweizer, Astrid and Maley, Jean},
 year = {2009},
 title = {Seasonality change and the third millennium BP rainforest crisis in southern Cameroon (Central Africa)},
 pages = {307--318},
 volume = {71},
 journal = {Quaternary Research}
}


@book{NlendNlend.20132014,
 author = {{Nlend Nlend}, Pascal Roger},
 year = {2013/2014},
 title = {Les Traditions ceramiques dans leur contexte arch{\'e}ologique sur le littoral Camerounais (Kribi-Campo) de 3000 {\`a} 500 BP. (Unveröff. Dissertation Universit{\'e} Libre de Bruxelles)},
 address = {Br{\"u}ssel},
 institution = {Universite libre de Bruxelles}
}


@book{Nordstrom.1972,
 author = {Nordstr{\"o}m, Hans-Ake},
 year = {1972},
 title = {Neolithic and A-Group Sites},
 address = {Stockholm},
 number = {3},
 publisher = {L{\"a}romedelsf{\"o}rl. [in Komm.]},
 isbn = {91-24-21671-2},
 series = {The Scandinavian Joint Expedition to~Sudanese Nubia}
}


@book{Nurse.2003,
 year = {2003},
 title = {The Bantu languages},
 address = {London and New York},
 publisher = {Routledge},
 isbn = {0-7007-1134-1},
 editor = {Nurse, Derek and Philippson, G{\'e}rard}
}


@book{OmasomboTshonda.2014,
 author = {{Omasombo Tshonda}, Jean},
 year = {2014},
 title = {Sud-Ubangi. Bassins d'eau et espace agricole},
 address = {Bruxelles},
 number = {4},
 publisher = {Edition Samsa},
 isbn = {978-2-87593-014-9},
 series = {Monographies des provinces de la R{\'e}publique d{\'e}mocratique du Congo}
}


@article{Oslisly.199495,
	author = {Oslisly, Richard},
	year = {1994/1995},
	title = {The Middle Ogoou{\'e} Valley. Cultural changes and paleoclimatic implications of the last four millennia},
	pages = {324--331},
	volume = {29/30},
	issn = {0067-270X},
	journal = {{Azania}}
}


@book{Oslisly.1992,
	author = {Oslisly, Richard},
	year = {1992},
	title = {Pr{\'e}histoire de la Moyenne Vall{\'e}e de \linebreak l'Ogoou{\'e} (Gabon). (Unveröff. Dissertation Universit{\'e} Paris I Pan"-th{\'e}on-Sorbonne)},
	address = {Paris},
	institution = {Universit{\'e} Paris I Panth{\'e}on-Sorbonne}
}


@article{Oslisly.1998,
	author = {Oslisly, Richard},
	year = {1998},
	title = {Hommes et milieux {\`a} l'Holocene dans la moyenne vall{\'e}e de l'Ogoou{\'e} (Gabon)},
	pages = {93--105},
	volume = {95},
	number = {1},
	journal = {Bulletin de la Soci{\'e}t{\'e} Pr{\'e}historique Fran{\c{c}}aise}
}


@article{Oslisly.2001b,
	author = {Oslisly, Richard},
	year = {2001},
	title = {Chronologie des ages du fer dans la moyenne vallée de l'Ogooue au Gabon},
	pages = {263--268},
	volume = {14},
	journal = {Mediterranean Archaeology}
}


@incollection{Oslisly.2001d,
	author = {Oslisly, Richard},
	title = {The history of human settlement in the middle Ogoou{\'e} valley (Gabon). Implications for the environment},
	pages = {101--118},
	publisher = {Yale University Press},
	isbn = {0300084331},
	editor = {Weber, William and White, Lee J. T. and Vedder, Amy and Naughton-Treves, Lisa},
	booktitle = {African rain forest ecology and conservation},
	year = {2001},
	address = {New Haven}
}


@incollection{Oslisly.2006,
	author = {Oslisly, Richard},
	title = {Les traditions culturelles de l'Holoc{\`e}ne sur le littoral du Cameroun entre Kribi et Campo},
	pages = {303--317},
	publisher = {Francke},
	isbn = {3-7720-8187-8},
	editor = {Wotzka, Hans-Peter},
	booktitle = {Grundlegungen. Beiträge zur europäischen \linebreak und afrikanischen Archäologie für Manfred K.~H. Eggert},
	year = {2006},
	address = {T{\"u}bingen}
}


@incollection{Oslisly.2006d,
	author = {Oslisly, Richard and Ateba, L{\'e}andre and Betougeda, Roseline and Kinyock, Pierre and {Mbida Mindzi{\'e}}, Christophe and {Nlend Nlend}, Pascal and Vincens, Annie},
	title = {Premiers resultats de la Recherche Archéologique sur le Littoral du Cameroun entre Kribi et Campo},
	pages = {127--134},
	series = {BAR International Series},
	number = {1522},
	editor = {{de Maret}, Pierre and Cornelissen, Els and Ribot, I.},
	booktitle = {Actes du XIV{\`e}me Congr{\`e}s UISPP, Universit{\'e} de Li{\`e}ge, Belgique, 2--8 septembre 2001},
	year = {2006}
}


@article{Oslisly.2013b,
	author = {Oslisly, Richard and Bentaleb, Ilham and Favier, Charly and Fontugne, Michel and Gillet, Jean Fran{\c{c}}ois and Morin-Rivat, Julie},
	year = {2013},
	title = {West Central African Peoples. Survey of Radiocarbon Dates over the Past 5000 Years},
	volume = {55},
	number = {2--3},
	journal = {{Radiocarbon}}
}


@misc{Oslisly.2008,
	author = {Oslisly, Richard and Kinyock, Pierre and {Nlend Nlend}, Pascal and Ng"-ou"-oh, F. and Nkokonda, Olivier},
	year = {2008},
	title = {Archaeology of the region of Douala (Cameroon). First results of an excavation of rescue on the Dibamba site. 19$^{th}$ biennial meeting of the Society of Africanist Archaeologists (SAfA)},
	address = {Frankfurt am Main},
	series = {{SAFA-Meeting}}
}


@book{Oslisly.2001c,
	author = {Oslisly, Richard and {Mbida Mindzi{\'e}}, Christophe},
	date = {2001},
	title = {Surveillance archéologique de l'axe routier Lolodorf-Kribi-Campo. Rapport final. Volet de protection du patrimoine culturel. Contrat de Service Financ{\'e} sur les Fonds AAS 99-00 Reliquat Tranche 1. Institut de Recherche pour le D{\'e}veloppement IRD},
	address = {Yaound{\'e}}
}


@article{Oslisly.1992b,
 author = {Oslisly, Richard and Peyrot, Bernard},
 year = {1992},
 title = {L'arriv{\'e}e des premiers m{\'e}tallurgistes sur l'Ogoou{\'e}, Gabon},
 pages = {129--138},
 volume = {10},
 issn = {0263-0338},
 journal = {African Archaeological Review}
}


@article{Oslisly.2013,
	author = {Oslisly, Richard and White, Lee and Bentaleb, Ilham and Favier, Charly and Fontugne, Michel and Gillet, Jean Fran{\c{c}}ois and Sebag, David},
	year = {2013},
	title = {Climatic and cultural changes in the west Congo Basin forests over the past 5000 years},
	pages = {1--10},
	volume = {368},
	journal = {Philosophical Transactions of the Royal Society B}
}


@article{Pakendorf.2011,
 author = {Pakendorf, Brigitte and Bostoen, Koen and {de Filippo}, Cesare},
 year = {2011},
 title = {Molecular Perspectives on the Bantu Expansion. A Synthesis},
 pages = {50--88},
 volume = {1},
 journal = {Language Dynamics and Change}
}


@article{Peel.2007,
 author = {Peel, M. C. and Finlayson, B. L. and McMahon, T. A.},
 year = {2007},
 title = {Updated World Map of the K{\"o}ppen-Geiger Climate Classification},
 pages = {439--473},
 volume = {4},
 journal = {Hydrology and Earth System Sciences}
}


@article{Perez.2007,
 author = {P{\'e}rez, Fernando and Granger, Brian E.},
 year = {2007},
 title = {IPython. A System for Interactive Scientific Computing},
 pages = {21--29},
 volume = {9},
 number = {3},
 journal = {Computing in~Science {\&}~Engineering}
}


@incollection{Perles.1992,
 author = {Perl{\`e}s, C.},
 title = {In search of lithic strategies. A cognitive approach to prehistoric chipped stone assemblages},
 pages = {223--247},
 publisher = {{Indiana Univ. Press}},
 isbn = {0253207096},
 editor = {Gardin, Jean-Claude and Peebles, C. S.},
 booktitle = {Representations in archaeology},
 year = {1992},
 address = {Bloomington}
}


@book{Persits.2002,
 author = {Persits, Feliks and Ahlbrandt, Thomas and Tuttle, Michele and Charpentier, Ronald and Brownfield, Michael and Takahashi, Kenneth},
 year = {2002},
 title = {Map Showing Geology, Oil and Gas Fields and Geological Provinces of Africa. Ver. 2.0. \url{http://pubs.usgs.gov/of/1997/ofr-97-470/OF97-470A/index.html}},
 address = {Denver},
}


@book{PeuramakiBrown.2004,
 author = {Peuramaki-Brown, Meaghan},
 year = {2004},
 title = {The Cha{\^i}ne Op"-{\'e}ra"-toire of \linebreak Ceramic Manufacture and Production. Preliminary Analysis through Ceramic Petrography at Rancho del Rio, Valle de Cacaulapa, Santa Barbara District, Honduras (Unveröff. Masterarbeit University College London)},
 address = {London},
 institution = {University College London}
}


@article{Philips.1983,
  title = {African {{Smoking}} and {{Pipes}}},
  author = {Philips, John Edward},
  date = {1983},
  journaltitle = {Journal of African History},
  volume = {24},
  pages = {303--319},
  number = {3}
}


@article{Phillipson.1976,
 title = {Archaeology and {{Bantu Linguistics}}},
 volume = {8},
 number = {1},
 journal = {World Archaeology},
 author = {Phillipson, David W.},
 year = {1976},
 keywords = {Bantu-Expansion},
 pages = {65-82}
}


@article{Phillipson.1976b,
 title = {The Early Iron Age in Eastern and Southern Africa: A Critical Re-Appraisal},
 volume = {11},
 issn = {0067-270X},
 number = {1},
 journal = {Azania},
 author = {Phillipson, David W.},
 year = {1976},
 keywords = {Bantu-Expansion},
 pages = {1-23}
}


@article{Phillipson.1977a,
 title = {The {{Spread}} of the {{Bantu Languages}}},
 number = {236},
 journal = {Scientific \linebreak American},
 author = {Phillipson, David W.},
 year = {1977},
 pages = {106-114}
}


@article{Pincon.1988,
	title = {Arch{\'e}ologie du fleuve {{Congo}}: {{Prospections}} sur {{la}} rive droite entre l'{{Alima}} et le {{Stanley Pool}} ({{R{\'e}publique Populaire}} du {{Congo}})},
	volume = {4},
	journal = {Nsi},
	author = {Pin{\c c}on, Bruno},
	year = {1988},
	pages = {3-9}
}


@incollection{Pincon.1991,
 author = {Pin{\c{c}}on, Bruno},
 title = {L'arch{\'e}ologie du royaume Teke},
 pages = {243--249},
 publisher = {{Centres culturels fran{\c{c}}ais d'Afrique centrale} and {Centre international des civilisations Bantu} and {S{\'e}pia avec le concours de UTA}},
 isbn = {2-907888-11-0},
 editor = {Lanfranchi, Raymond and Clist, Bernard},
 booktitle = {Aux origines de l'Afrique centrale},
 year = {1991},
 address = {Paris}
}


@incollection{Preu.1986,
 author = {Preu{\ss}, Johannes},
 title = {Die Klimaentwicklung in den {\"a}qua"-to"-ria"-len Breiten Afrikas im Jungpleistoz{\"a}n. Versuch eines {\"U}berblicks im Zusammenhang mit Gel{\"a}ndearbeiten in Za{\"i}re},
 pages = {132--148},
 publisher = {Im Selbstverlag der Marburger Geographischen Gesellschaft},
 isbn = {3-88353-024-7},
 series = {Marbuger Geographische Schriften},
 number = {100},
 editor = {Andres, Wolfgang and Buchhofer, Ekkehard and Mertins, G{\"u}nter},
 booktitle = {Geographische Forschung in Marburg},
 year = {1986},
 address = {Marburg/Lahn}
}


@article{Preu.1986b,
 author = {Preu{\ss}, Johannes},
 year = {1986},
 title = {Jungpleistoz{\"a}ne Klima{\"a}nderungen im Kongo-Za{\"i}re-Becken},
 pages = {177--187},
 volume = {4},
 number = {6},
 journal = {Geowissenschaften in unserer Zeit}
}


@incollection{Preu.1990,
 author = {Preu{\ss}, Johannes},
 title = {L'{\'e}volution des paysages du bassin int{\'e}rieur du Za{\"i}re pendant les quarante derniers mill{\'e}naires},
 pages = {260--270},
 publisher = {ORSTOM},
 series = {Collection Didactiques},
 editor = {Lanfranchi, Raymond and Sch"-war"-tz, Dominique},
 booktitle = {Paysages quaternaires de l'Afri"-que Centrale Atlantique},
 year = {1990},
 address = {Paris}
}


@incollection{Radloff.2016,
 title = {\textit{Damaliscus pygargus pygargus} \textendash{} {{Bontebok}}. {{A}} Conservation Assessment of \textit{{{Damaliscus}} pygargus pygargus}},
 booktitle = {The {{Red List}} of {{Mammals}} of {{South Africa}}, {{Swaziland}} and {{Lesotho}}},
 publisher = {South African National Biodiversity Institute and Endangered Wildlife Trust, South Africa},
 author = {Radloff, Frans and Birss, Coral and Cowell, C. and Peinke, D. and Kotze, A. and Kerley, G. and Child, M. F.},
 editor = {Child, M. F. and Roxburgh, L. and Do Linh San, E. and Raimondo, D. and {Davies-Mostert}, H. T.},
 year = {2016},
 pages = {1-13}
}


@misc{RDevelopmentCoreTeam.2008,
 author = {{R Development Core Team}},
 year = {2008},
 title = {R. A Language and Environment for Statistical Computing},
 url = {\url{http://www.R-project.org}},
 address = {Wien},
 institution = {R Foundation for Statistical Computing}
}


@incollection{Reid.2013,
 author = {Reid, Andrew},
 title = {The Emergence of States in Great Lakes Africa},
 pages = {887--899},
 publisher = {Oxford University Press},
 isbn = {978-0-19-956988-5},
 series = {Oxford Handbooks in Archaeology},
 editor = {Mitchell, Peter and Lane, Paul and Lane, Paul J.},
 booktitle = {The Oxford Handbook of African Archaeology},
 year = {2013},
 address = {Oxford}
}


@article{Riemer.1997,
 title = {Form und {{Funktion}}: {{Zur}} systematischen {{Aufnahme}} und vergleichenden {{Analyse}} pr\"ahistorischer \linebreak {{Gef\"a\ss{}keramik}}},
 volume = {20},
 number = {1},
 journal = {Arch\"aologische Informationen},
 author = {Riemer, Heiko},
 year = {1997},
 pages = {117-131}
}


@book{Riemer.2011,
 author = {Riemer, Heiko},
 year = {2011},
 title = {El Kharafish. The archaeology of Sheikh Muftah pastoral nomads in the desert around Dakhla Oasis (Egypt)},
 address = {K{\"o}ln},
 number = {25},
 publisher = {Heinrich-Barth-Institut},
 isbn = {978-3-927688-38-4},
 series = {{Africa Praehistorica}}
}


@article{Rouse.1957,
 author = {Rouse, Irving},
 year = {1957},
 title = {Culture Area and Co-Tradition},
 pages = {123--133},
 volume = {13},
 number = {2},
 journal = {South"-western Journal of Anthropology}
}


@article{Roux.2010,
 author = {Roux, Valentine},
 year = {2010},
 title = {Lecture anthropologique des assemblages c{\'e}ramiques. Fondements et mise en oeuvre de l'analyse technologique},
 pages = {4--9},
 volume = {119},
 journal = {Les Nouvelles de l'arch{\'e}ologie}
}


@incollection{Roux.2011,
 author = {Roux, Valentine},
 title = {Anthropological Interpretation of Ceramic As- \linebreak semblages. Foundations and Implications of Technological Analysis},
 pages = {80--88},
 publisher = {Archaeopress},
 isbn = {978-1407307480},
 series = {BAR International Series},
 number = {2193},
 editor = {Scarcella, Simona},
 booktitle = {Archaeological Ceramics: {{A}} Review of Current Research},
 year = {2011},
 address = {Oxford}
}


@incollection{Roux.2007,
	author = {Roux, Valentine and Courty, Marie-Agn{\`e}s},
	title = {Analyse techno-p{\'e}tro"-gra"-phi"-que c{\'e}ramique et interpr{\'e}tation foncionnelle des sites. Un exemple d'application dans le Levant Sud chalcolithique},
	pages = {153--167},
	publisher = {Archaeopress},
	isbn = {978-1-4073-0142-6},
	series = {S{\'e}rie arch{\'e}om{\'e}trie},
	number = {5},
	editor = {Bain, Allison and Chabot, Jacques and Moussette, Marcel},
	booktitle = {{La mesure du pass{\'e}}},
	year = {2007},
	address = {Oxford}
}


@book{Runge.2001,
 author = {Runge, J{\"u}rgen},
 year = {2001},
 title = {Landschaftsgenese und Pal{\"a}oklima in Zentralafrika. Physiogeographische Untersuchungen zur \linebreak Landschaftsentwicklung und klimagesteuerten quart{\"a}ren Vege"-tations- und Geomorphodynamik in Kongo/Za{\"i}re \linebreak (Kivu, Kasai, Oberkongo) und der Zentralafrikanischen Republik (Mbomou)},
 address = {Berlin},
 publisher = {Borntraeger},
 isbn = {3-443-09017-6}
}


@article{Russell.2014,
 author = {Russell, Thembi and Silva, Fabio and Steele, James},
 year = {2014},
 title = {Modelling the Spread of Farming in the Bantu-Sp"-ea"-king Regions of Africa. An Archaeology-Based Phylogeography},
 volume = {9},
 number = {1},
 pages = {1--9},
 journal = {{PLoS ONE}}
}


@book{Saev.2015,
 author = {Saev, Ilja},
 year = {2015},
 title = {Gef{\"a}{\ss}keramik. Funktion, Form, Habitus},
 address = {Bonn},
 number = {269},
 publisher = {Habelt},
 isbn = {978-3-7749-3966-0},
 series = {Universit{\"a}tsforschungen zur pr{\"a}histor"-isch"-en Arch{\"a}ologie}
}


@book{SanchezElipe.2015,
 author = {S{\'a}nchez-Elipe, Manuel},
 year = {2015},
 title = {Las comunidades de la edad del hierro en {\'A}frica Centro-Occidental. Cultura Material e Identidad. (Unveröff. Dissertation Universidad complutense de Madrid)},
 address = {Madrid},
 institution = {Universidad complutense de Madrid}
}


@article{SanchezElipe.2016,
 author = {S{\'a}nchez-Elipe, Manuel and Gonz{\'a}lez-Ruibal, Alfredo and {Jord{\'a} Pardo}, Jes{\'u}s F. and {Mar{\'i}n Su{\'a}rez}, Carlos},
 year = {2016},
 title = {The Iron Age in West Central Africa. Radiocarbon Dates from Corisco Island \linebreak (Equatorial Guinea)},
 pages = {345--365},
 volume = {57},
 number = {03},
 issn = {0021-8537},
 journal = {The Journal of African History},
 doi = {\url{10.1017/S002185371600027X}}
}


@book{Sangen.2009,
 author = {Sangen, Mark},
 year = {2009},
 title = {Physiogeographische Untersuchungen zur pleistoz{\"a}nen und holoz{\"a}nen Umweltgeschichte an Alluvionen des Ntem-""Bin"-nen"-del"-tas und alluvialer Sedimente der Fl{\"u}sse Boumba, Ngoko, Nyong und Sanaga in S{\"u}d-Kamerun. (Unveröff. Dissertation Johann Wolfgang \linebreak Goethe-Universit{\"a}t Frankfurt am Main)},
 address = {Frankfurt am \linebreak Main},
 institution = {Johann Wolfgang Goethe- Uni"-ver"-si"-t{\"a}t}
}


@article{Savoye.2009,
 author = {Savoye, Bruno and Babonneau, Nathalie and Dennielou, Bernard and Bez, Martine},
 year = {2009},
 title = {Geological overview of the An"-gola--Congo margin, the Congo deep-sea fan and its submarine valleys},
 pages = {2169--2182},
 volume = {56},
 number = {23},
 issn = {09670645},
 journal = {Deep Sea Research Part II. Topical Studies in Oceanography},
 doi = {\url{10.1016/j.dsr2.2009.04.001}}
}


@book{Scheffer.2010,
 author = {Scheffer, Fritz and Schachtschabel, Paul},
 year = {2010},
 title = {Lehrbuch der Bodenkunde},
 address = {Heidelberg and and Berlin},
 edition = {16},
 publisher = {{Spektrum, Akad. Verl.}},
 isbn = {978-3-8274-1444-1}
}


@article{Schmidt.1975,
 author = {Schmidt, Peter R.},
 year = {1975},
 title = {A new look at interpretations of the early Iron Age in East Africa},
 pages = {127--136},
 volume = {2},
 issn = {03615413},
 journal = {{History in Africa}}
}


@article{Schwartz.1992,
 author = {Schwartz, Dominique},
 year = {1992},
 title = {Ass{\`e}chement climatique vers 3 000 B.P. et expansion Bantu en Afrique centrale atlantique. Quelques r{\'e}flexions},
 pages = {353--361},
 volume = {163},
 journal = {{Bulletin de la Soci{\'e}t{\'e} G{\'e}ologique de France}}
}


@book{Scouflaire.1997,
 author = {Scouflaire, F.},
 year = {1997},
 title = {Les traditions poti{\`e}res pr{\'e}"-hist"-or"-iques de la basse Lobaye (R{\'e}publique Centrafricaine). {\'E}tude \linebreak d'une collection c{\'e}ramique. (Unveröff. M{\'e}moire de ma{\^i}trise Universit{\'e} de Paris X Nanterre)},
 address = {Paris},
 institution = {{Universit{\'e} de Paris X, Nanterre}}
}


@article{Seidensticker.2010c,
 author = {Seidensticker, Dirk},
 year = {2010},
 title = {Grubenbefunde in Campo (S{\"u}dkamerun)},
 pages = {159--164},
 volume = {33},
 number = {1},
 journal = {{Arch{\"a}ologische Informationen}}
}


@book{Seidensticker.2010b,
 author = {Seidensticker, Dirk},
 year = {2010},
 title = {Grubenbefunde in Campo (S{\"u}dkamerun). \linebreak(Unveröff. Magisterarbeit Eberhard-Karls-Universit{\"a}t T{\"u}bingen)},
 address = {T{\"u}bingen},
 institution = {Eberhard-Karls-Universit{\"a}t T{\"u}bingen}
}


@incollection{Seidensticker.2016b,
 author = {Seidensticker, Dirk},
 title = {Archaeology and History in Iron Age Set"-tle"-ments in the Congo Basin},
 pages = {114--126},
 publisher = {{Wits University Press}},
 isbn = {978-1-77614-149-4},
 editor = {Sadr, Karim and Esterhuysen, Amanda and Sievers, Christine},
 booktitle = {African Archaeology Without Frontiers},
 year = {2016},
 address = {Johannesburg}
}


@inbook{Seidensticker.2016,
 title = {Local Chronology},
 booktitle = {In: M. K. H. \textsc{Eggert} \& D. \textsc{Seidensticker}, Campo: {{Archaeological}} Research at the Mouth of the {{Ntem River}} ({{South Cameroon}}), With contributions by C. Mbida Mindzi{\'e}, C. Meister, A. Mvondo Ze, P. R. Nlend Nlend \& S. Ritter},
 author = {Seidensticker, Dirk and Eggert, Manfred K. H.},
 year = {2016},
 volume = {31},
 pages = {61--67},
 publisher = {{Heinrich-Barth-Institut}},
 address = {{K{\"o}ln}},
 copyright = {All rights reserved},
 isbn = {978-3-927688-43-8},
 series = {Africa {{Praehistorica}}}
}


@incollection{Seidensticker.inVorb.,
 address = {M\"unster/New York},
 series = {Edition {{Historische Kulturwissenschaften}}},
 title = {Pottery {{Technology}} within the North-Western {{Congo Basin}}},
 booktitle = {Pottery Making in {{Ikenge}} on the {{Ruki}} and Other Villages in the {{Congo Basin}}},
 publisher = {{Waxmann}},
 author = {Seidensticker, Dirk},
 editor = {Eggert, Manfred K. H.},
 year = {in Vorb.}
}


@article{Senn.2014,
 title = {Splitting or {{Lumping}}? {{A Conservation Dilemma Exemplified}} by the {{Critically Endangered Dama Gazelle}} ({{Nanger}} Dama)},
 volume = {9},
 issn = {1932-6203},
 shorttitle = {Splitting or {{Lumping}}?},
 doi = {10.1371/journal.pone.0098693},
 number = {6},
 journal = {PLoS ONE},
 author = {Senn, Helen and Banfield, Lisa and Wacher, Tim and Newby, John and Rabeil, Thomas and Kaden, Jennifer and Kitchener, Andrew C. and Abaigar, Teresa and Silva, Teresa Lu\'isa and Maunder, Mike and Ogden, Rob},
 editor = {Joger, Ulrich},
 year = {2014},
 pages = {1--13}
}


@article{Shaw.1960,
 author = {Shaw, Thurstan},
 year = {1960},
 title = {Early Smoking Pipes. In~Africa, Europa, and America},
 pages = {272--305},
 volume = {90},
 number = {2},
 journal = {The Journal of the Royal Antrhopological Institute of Great Britain and Ireland}
}


@article{Sowunmi.1999,
 title = {The Significance of the Oil Palm \linebreak (\textit{{{Elaeis}} Guineensis} {{Jacq}}.) in the Late {{Holocene}} Environments of West and West Central {{Africa}}: {{A}} Further Consideration},
 volume = {8},
 issn = {0939-6314},
 doi = {\\url\{10.1007/BF02342720\}},
 number = {3},
 journal = {Vegetation History and Archaeobotany},
 author = {Sowunmi, M. Adebisi},
 year = {1999},
 pages = {199-210}
}


@book{Stanley.1878,
	address = {{Leipzig and London}},
	title = {Durch den {{Dunklen Welttheil}}},
	publisher = {{F.A. Brockhaus}},
	author = {Stanley, Henry Morton},
	year = {1878}
}


@book{Stainier.1899,
	address = {{Br{\"u}ssel}},
	title = {L'{\^a}ge de la pierre dans l'{\'e}tat du Congo},
	publisher = {{Imprimerie Vande Weghe}},
	author = {Stainier, X.},
	year = {1899}
}


@incollection{Stehli.1973,
 author = {Stehli, Petar},
 title = {{Keramik}},
 pages = {57--100},
 publisher = {Rheinland-Verl},
 isbn = {3-7927-0180-4},
 series = {Rheinische Ausgrabungen},
 number = {13},
 editor = {Farruggia, Jean-Paul and Kuper, Rudolph and L{\"u}ning, Jens and Stehli, Petar},
 booktitle = {Der bandkeramische Siedlungsplatz Langweiler 2, Gemeinde Aldenhoven, Kreis \linebreak D{\"u}ren},
 year = {1973},
 address = {Bonn}
}


@incollection{Stehli.1977,
 author = {Stehli, Petar},
 title = {{Keramik}},
 pages = {107--130},
 publisher = {Rheinland-Verlag},
 isbn = {3-7927-0314-9},
 series = {Rheinische Ausgrabungen},
 number = {18},
 editor = {Kuper, Rudolph and L{\"o}hr, H. and Stehli, Petar and Zimmermann, Andreas},
 booktitle = {Der bandkeramische Siedlungsplatz Langweiler 9, Ge"-mein"-de Aldenhoven, Kreis \linebreak D{\"u}ren. Beitr{\"a}ge zur neolithischen Besiedlung der Aldenhovener Platte 2},
 year = {1977},
 address = {Bonn}
}


@article{Sulzmann.1960,
 author = {Sulzmann, Erika},
 year = {1960},
 title = {Zentralafrikanische Keramik aus voreurop{\"a}ischer Zeit},
 pages = {19--21},
 volume = {8},
 journal = {{Keramos}}
}


@article{Tippmann.2015,
 author = {Tippmann, Sylvia},
 year = {2015},
 title = {Programming Tools. Adventures with R},
 pages = {109--110},
 volume = {517},
 journal = {{Nature}}
}


@incollection{Ther.2011,
  title = {Experimental {{Reconstruction}} of the {{Pottery Firing Process}} of {{Late Bronze Age Pottery}} from {{North}}-{{Eastern Bohemia}}},
  booktitle = {Archaeological Ceramics: {{A}} Review of Current Research},
  author = {Thér, Richard and Gregor, Milǒs},
  editor = {Scarcella, Simona},
  date = {2011},
  volume = {2193},
  pages = {128--142},
  publisher = {{Archaeopress}},
  location = {{Oxford}},
  isbn = {978-1-4073-0748-0},
  series = {{{BAR International Series}}}
}


@article{Thornton.2001,
	title = {The {{Origins}} and {{Early History}} of the \linebreak {{Kingdom}} of {{Kongo}}, c. 1350-1550},
	volume = {34},
	issn = {03617882},
	number = {1},
	journal = {The International Journal of African Historical Studies},
	doi = {10.2307/3097288},
	author = {Thornton, John},
	year = {2001},
	pages = {89--120}
}


@incollection{vanderLeeuw.1993,
 author = {{van der Leeuw}, Sander},
 title = {Giving the potter a choice. Conceptual aspects of pottery techniques},
 pages = {238--288},
 publisher = {Routledge},
 isbn = {0415073316},
 series = {Material cultures},
 editor = {Lemonnier, Pierre},
 booktitle = {{Technological choices}},
 year = {1993},
 address = {London}
}


@book{vanDoosselaere.2014,
 author = {{van Doosselaere}, Barbara},
 year = {2014},
 title = {Le Roi et le Potier. Etude technologique de l'assemblage c{\'e}ramique de Koumbi Saleh, Mauritanie (5e/6e-17e si{\`e}cles AD)},
 address = {Frankfurt am Main},
 number = {5},
 publisher = {{Africa Magna Verlag}},
 isbn = {978-3-937248-43-1},
 series = {{Reports in African Archaeology}}
}


@article{vanNoten.1974,
 author = {{Van Noten}, Francis L. and van~Noten, Eliane},
 year = {1974},
 title = {{Het ijzersmelten bij de Madi}},
 pages = {57--66},
 volume = {20},
 journal = {{Africa-Tervuren}}
}


@article{vanNoten.1978,
 author = {{Van Noten}, Francis L.},
 year = {1978},
 title = {Une prospection au nord et nord-est du~Za{\"i}re},
 pages = {75--77},
 volume = {9-10/1977-78},
 journal = {{Etudes d'Histoire africaine}}
}


@book{vanNoten.1982,
 year = {1982},
 title = {{The {{Archaeology}} of {{Central Africa}}}},
 address = {Graz},
 publisher = {{Akademische Druck- u. Verlagsanstalt}},
 isbn = {3-201-01184-3},
 author = {{Van Noten}, Francis L.}
}

@incollection{vanNoten.1982a,
  title = {The {{Stone Age}} in the {{North}} and {{East}}},
  booktitle = {The {{Archaeology}} of {{Central Africa}}},
  author = {van Noten, Francis L.},
  editor = {van Noten, Francis L.},
  date = {1982},
  pages = {27--40},
  publisher = {{Akademische Druck- u. Verlagsanstalt}},
  location = {{Graz}},
  isbn = {3-201-01184-3},
  options = {useprefix=true}
}


@incollection{vanNoten.1982d,
  title = {The {{Iron Age}} in the {{North}} and {{East}}},
  booktitle = {The {{Archaeology}} of {{Central Africa}}},
  author = {van Noten, Francis L.},
  editor = {van Noten, Francis L.},
  date = {1982},
  pages = {69--76},
  publisher = {{Akademische Druck- u. Verlagsanstalt}},
  location = {{Graz}},
  isbn = {3-201-01184-3},
  options = {useprefix=true}
}


@book{Vandenhoute.1973,
	address = {{Gent}},
	title = {De Begraafplaats van Ngongo-Mbata (Neder-Za{\"i}re) (Unveröff. Licentiaatverhandeling Rijks"-universiteit Gent)},
	author = {Vandenhoute, J.},
	year = {1973}
}


@article{VanderLinden.1996,
	author = {{Vander Linden}, Marc and Gosselain, Olivier P.},
	year = {1996},
	title = {Ethno-mar"-ke"-ting of Pottery. Fieldwork in the Faro Department, Northern Cameroon},
	pages = {18--20},
	volume = {46},
	journal = {{Nyame Akuma}}
}


@book{Vansina.1990,
 author = {Vansina, Jan},
 year = {1990},
 title = {Paths in the Rainforests. Toward a History of Political Tradition in Equatorial Africa},
 address = {Madison},
 publisher = {{Univcrsity of Wisconsin Press}}
}


@article{Vansina.1995,
 author = {Vansina, Jan},
 year = {1995},
 title = {New Linguistic Evidence and \enquote*{the Bantu Expansion}},
 pages = {173--195},
 volume = {36},
 number = {2},
 journal = {{Journal of African History}}
}


@article{Veit.1997,
 title = {Zur {{Form}} und {{Funktion}} ur- und fr\"uhgeschichtlicher {{Gef\"a\ss{}keramik}}. {{Eine}} semiotische {{Perspektive}}},
 volume = {20},
 number = {2},
 journal = {Arch\"aologische Informationen},
 author = {Veit, Ulrich},
 year = {1997},
 pages = {265-267}
}


@book{Vennetier.1963,
 address = {Paris},
 series = {{Cahier O.R.S.T.O.M.}},
 title = {Les hommes et leurs activit\'es dans le nord du Congo-Brazzaville},
 author = {Vennetier, Pierre},
 year = {1963}
}


@book{Visseyrais.2006,
 author = {Visseyrais, Aline},
 year = {2006},
 title = {Les formes de la tradition. Technique et savoir-faire céramiques à la fin de l'âge du~Bronze, entre Rhin et Rhône. (Unveröff. Dissertation Universit{\'e} de \linebreak Franche-Comt{\'e})},
 address = {Besan{\c{c}}on Cedex},
 institution = {Universit{\'e} de Franche-Comt{\'e}}
}


@article{Vogel.1978,
 author = {Vogel, Joseph O.},
 year = {1978},
 title = {The Gokomere Tradition},
 pages = {12--17},
 volume = {33},
 journal = {South African Archaeological Bulletin}
}


@article{Wentworth.1922,
 author = {Wentworth, Chester K.},
 year = {1922},
 title = {A Scale of Grade and Class Terms for Clastic Sediments},
 url = {\url{http://www.jstor.org/stable/30063207}},
 pages = {377--392},
 volume = {30},
 number = {5},
 journal = {{Journal of Geology}}
}


@misc{Wicke.2011,
 author = {Wicke, J{\"o}rg},
 year = {2011},
 title = {{Funktionen selbst gebaut. Potplot. Rchaeology, Statistik mit R (nicht nur) f{\"u}r Arch{\"a}ologen}.\\ \url{http://web763.lin-www.df-webhosting.de/rchaeology/wordpress/?p=309}},
 urldate = {2013-03-12}
}


@article{Willey.1945,
 author = {Willey, Gordon R.},
 year = {1945},
 title = {Horizon Styles and Pottery Traditions in~Peruvian Archaeology},
 pages = {49--56},
 volume = {11},
 number = {1},
 journal = {{American Antiquity}}
}


@incollection{Wotzka.1991,
 author = {Wotzka, Hans-Peter},
 title = {Keramikbrand im offenen Feuer. Vergleichende Analyse pyrometrischer Daten aus dem T{\"o}pferdorf Ikenge ({\"A}quatorregion, Za{\"i}re)},
 pages = {289--318},
 publisher = {{R. Habelt}},
 isbn = {3-7749-2439-2},
 series = {T{\"o}pferei- und Keramikforschung},
 number = {2},
 editor = {L{\"u}dtke, Hartwig and Vossen, R{\"u}diger},
 booktitle = {{T{\"o}pfereiforschung -- arch{\"a}ologisch, ethnologisch, volkskundlich}},
 year = {1991},
 address = {Bonn}
}


@article{Wotzka.1993,
 author = {Wotzka, Hans-Peter},
 year = {1993},
 title = {Zur Tradition der Keramikdeponierungen im \linebreak {\"a}quatorialen Regenwald Za{\"i}res. Ein Bekenntnis zur all"-ge"-mein-vergleichenden Analogie},
 pages = {251--283},
 volume = {34},
 journal = {Ethnographisch Arch{\"a}ologische Zeitschrift}
}


@book{Wotzka.1995,
 author = {Wotzka, Hans-Peter},
 year = {1995},
 title = {Studien zur Arch{\"a}ologie des zentralafrikanischen Regenwaldes. Die Keramik des inneren Za{\"i}re-Beckens und ihre Stellung im Kontext der Bantu-Expansion},
 address = {K{\"o}ln},
 number = {6},
 publisher = {Heinrich-Barth-Institut},
 isbn = {3-927688-07-X},
 series = {{Africa Praehistorica}}
}


@article{Wotzka.1997,
 title = {Keramikformen und -funktionen: Wider die systematische Trivialisierung Kulturspezifischer Zusammenh\"ange},
 volume = {20},
 number = {2},
 journal = {Arch\"aologische Informationen},
 author = {Wotzka, Hans-Peter},
 year = {1997},
 pages = {269-299}
}


@incollection{Wotzka.2006b,
 address = {{T{\"u}bingen}},
 title = {Records of Activity. {{Radiocarbon}} and the Structure of {{Iron Age}} Settlement in {{Central Africa}}},
 isbn = {3-7720-8187-8},
 booktitle = {Grundlegungen. Beiträge zur europäischen und afrikanischen Archäologie für Manfred K.~H. Eggert},
 publisher = {{Francke}},
 author = {Wotzka, Hans-Peter},
 editor = {Wotzka, Hans-Peter},
 year = {2006},
 pages = {271-289}
}


@incollection{Wotzka.2019,
 title = {Experimenteller Anbau von Perlhirse (Pennisetum glaucum) im äquatorialen Regenwald des Inneren Kongobeckens, August–November 2016},
 booktitle = {Auf dem Holzweg … Eine Würdigung für Ursula Tegtmeier},
 author = {Wotzka, Hans-Peter},
 editor = {Meurers-Balke, Jutta and Zerl, Tanja and Gerlach, Renate},
 date = {2019},
 volume = {30},
 pages = {269--284},
 urldate = {2019-11-06},
 isbn = {978-3-947450-42-8},
 series = {Archäologische Berichte}
}

@incollection{Wotzka.2019a,
 title = {Ecology and Culture of Millets in {{African}} Rainforests: {{Ancient}}, Historical, and Present-Day Evidence},
 booktitle = {Trees, {{Grasses}} and {{Crops People}} and {{Plants}} in {{Sub}}-{{Saharan Africa}} and {{Beyond}}},
 author = {Wotzka, Hans-Peter},
 editor = {Eichhorn, Barbara and Höhn, Alexa},
 date = {2019},
 isbn = {978-3-7749-4221-9}
}


@book{Zangato.2000,
 author = {Zangato, {\'E}tienne},
 year = {2000},
 title = {Les occupations n{\'e}olithiques dans le Nord-Ouest de la R{\'e}publique Centrafricaine},
 url = {\url{http://www.worldcat.org/oclc/46598564}},
 address = {Montagnac},
 number = {3},
 publisher = {{Editions Monique Mergoil}},
 isbn = {2-907303-44-9},
 series = {{Pr{\'e}histoires}}
}